@inproceedings{rajko2001pursuit,
  title={A pursuit-evasion bug algorithm},
  author={Rajko, Stjepan and LaValle, Steven M},
  booktitle={ICRA},
  pages={1954--1960},
  year={2001}
}

@article{fitts1954information,
  title={The information capacity of the human motor system in controlling the amplitude of movement.},
  author={Fitts, Paul M},
  journal={Journal of experimental psychology},
  volume={47},
  number={6},
  pages={381},
  year={1954},
  publisher={American Psychological Association}
}

@inproceedings{pinelle2008heuristic,
  title={Heuristic evaluation for games: usability principles for video game design},
  author={Pinelle, David and Wong, Nelson and Stach, Tadeusz},
  booktitle={Proceedings of the SIGCHI Conference on Human Factors in Computing Systems},
  pages={1453--1462},
  year={2008},
  organization={ACM}
}

@article{thomas1994games,
author = {Peter Thomas and Robert Macredie},
title = {Games and the Design of Human‐Computer Interfaces},
journal = {Educational and Training Technology International},
volume = {31},
number = {2},
pages = {134-142},
year  = {1994},
publisher = {Routledge},
doi = {10.1080/0954730940310208},

URL = { 
        https://doi.org/10.1080/0954730940310208
    
},
eprint = { 
        https://doi.org/10.1080/0954730940310208
    
}

}


@book { Fleiss_stats_methods,
        author={Joseph L. Fleiss and Bruce Levin and Myunghee Cho Paik and Walter A. Shewart and Samuel S. Wilks}, 
        booktitle={Statistical Methods for Rates and Proportions, Third Edition},
        year={2003},
        publisher={John Wiley and Sons, Inc.}
}
    

@inproceedings{kamon1999range,
  title={Range-sensor based navigation in three dimensions},
  author={Kamon, Ishay and Rimon, Elon and Rivlin, Ehud},
  booktitle={Robotics and Automation, 1999. Proceedings. 1999 IEEE International Conference on},
  volume={1},
  pages={163--169},
  year={1999},
  organization={IEEE}
}


@article{lumelsky1990incorporating,
  title={Incorporating range sensing in the robot navigation function},
  author={Lumelsky, Vladimir J and Skewis, Tim},
  journal={IEEE Transactions on Systems, Man, and Cybernetics},
  volume={20},
  number={5},
  pages={1058--1069},
  year={1990},
  publisher={IEEE}
}

@inproceedings{antich2009bug,
  title={A bug-inspired algorithm for efficient anytime path planning},
  author={Antich, Javier and Ortiz, Alberto and M{\'\i}nkamon1999rangeguez, Javier},
  booktitle={Intelligent Robots and Systems, 2009. IROS 2009. IEEE/RSJ International Conference on},
  pages={5407--5413},
  year={2009},
  organization={IEEE}
}


@inproceedings{kamon1996new,
  title={A new range-sensor based globally convergent navigation algorithm for mobile robots},
  author={Kamon, Ishay and Rivlin, Ehud and Rimon, Elon},
  booktitle={Robotics and Automation, 1996. Proceedings., 1996 IEEE International Conference on},
  volume={1},
  pages={429--435},
  year={1996},
  organization={IEEE}
}

@inproceedings{mohamed2011improved,
  title={An improved Tangent Bug method integrated with artificial potential field for multi-robot path planning},
  author={Mohamed, Emam Fathy and El-Metwally, Khaled and Hanafy, AR},
  booktitle={Innovations in Intelligent Systems and Applications (INISTA), 2011 International Symposium on},
  pages={555--559},
  year={2011},
  organization={IEEE}
}

@inproceedings{marin2010implementation,
  title={Implementation of a Bug Algorithm in the E-puck from a Hybrid Control Viewpoint},
  author={Mar{\'\i}n, Leonardo and Valles, Marina and Valera, {\'A}ngel and Albertos, Pedro},
  booktitle={Methods and Models in Automation and Robotics (MMAR), 2010 15th International Conference on},
  pages={174--179},
  year={2010},
  organization={IEEE}
}


@InProceedings{Maravall2015VisualEntropyBug,
author="Maravall, Dar{\'i}o
and de Lope, Javier
and Fuentes, Juan Pablo",
editor="Ferr{\'a}ndez Vicente, Jos{\'e} Manuel
and {\'A}lvarez-S{\'a}nchez, Jos{\'e} Ram{\'o}n
and de la Paz L{\'o}pez, F{\'e}lix
and Toledo-Moreo, Fco. Javier
and Adeli, Hojjat",
title="Visual Bug Algorithm for Simultaneous Robot Homing and Obstacle Avoidance Using Visual Topological Maps in an Unmanned Ground Vehicle",
booktitle="Bioinspired Computation in Artificial Systems",
year="2015",
publisher="Springer International Publishing",
address="Cham",
pages="301--310",
abstract="We introduce a hybrid algorithm for the autonomous navigation of an Unmanned Ground Vehicle (UGV) using visual topological maps. The main contribution of this paper is the combination of the classical bug algorithm with the entropy of digital images captured for the robot. As the entropy of an image is directly related to the presence of a unique object or the presence of different objects inside the image (the lower the entropy of an image, the higher its probability of containing a single object inside it; and conversely, the higher the entropy, the higher its probability of containing several different objects inside it), we propose to implement landmark search and detection using topological maps based on the bug algorithm, where each landmark is considered as the leave point for guide to the robot to reach the target point (robot homing). The robot has the capacity of avoid obstacles in the enviroment using the entropy of images too. After the presentation of the theoretical foundations of the entropy-based search combined with the bug algorithm, the paper ends with the experimental work performed for its validation.",
isbn="978-3-319-18833-1"
}

@article{kamon1997sensory,
  title={Sensory-based motion planning with global proofs},
  author={Kamon, Ishay and Rivlin, Ehud},
  journal={IEEE transactions on Robotics and Automation},
  volume={13},
  number={6},
  pages={814--822},
  year={1997},
  publisher={IEEE}
}

@article{buniyamin2011simple,
  title={A simple local path planning algorithm for autonomous mobile robots},
  author={Buniyamin, N and Ngah, W Wan and Sariff, N and Mohamad, Z},
  journal={International journal of systems applications, Engineering \& development},
  volume={5},
  number={2},
  pages={151--159},
  year={2011}
}

@inproceedings{zohaib2013iba,
  title={IBA: Intelligent Bug Algorithm--A novel strategy to navigate mobile robots autonomously},
  author={Zohaib, Muhammad and Pasha, Syed Mustafa and Javaid, Nadeem and Iqbal, Jamshed},
  booktitle={International Multi Topic Conference},
  pages={291--299},
  year={2013},
  organization={Springer}
}

@article{mcguire2018comparative,
  title={A Comparative Study of Bug Algorithms for Robot Navigation},
  author={McGuire, Kimberly and de Croon, Guido and Tuyls, Karl},
  journal={arXiv preprint arXiv:1808.05050},
  year={2018}
}

@inproceedings{kandathil2018modified,
  title={Modified bug-1 algorithm based strategy for obstacle avoidance in multi robot system},
  author={Kandathil, Jom J and Mathew, Robins and Hiremath, Somashekhar S},
  booktitle={MATEC Web of Conferences},
  volume={144},
  pages={01012},
  year={2018},
  organization={EDP Sciences}
}

@inproceedings{caccavale2017distributed,
  title={A distributed algorithm for mapping the graphical structure of complex environments with a swarm of robots},
  author={Caccavale, Adam and Schwager, Mac},
  booktitle={Robotics and Automation (ICRA), 2017 IEEE International Conference on},
  pages={1459--1466},
  year={2017},
  organization={IEEE}
}


@INPROCEEDINGS{Bhanu2016multibug,
author={Bhanu Chander V and Asokan T and Ravindran B},
booktitle={2016 IEEE Region 10 Conference (TENCON)},
title={A new Multi-Bug Path Planning algorithm for robot navigation in known environments},
year={2016},
volume={},
number={},
pages={3363-3367},
keywords={mobile robots;multi-robot systems;path planning;multibug path planning algorithm;robot navigation;mobile robots;static obstacles;virtual bug;multiple bugs;bug generation;post-smoothed A*;MBPP algorithm;Computer bugs;Path planning;Planning;Navigation;Robot sensing systems;Electronic mail},
doi={10.1109/TENCON.2016.7848676},
ISSN={2159-3450},
month={Nov},}

@phdthesis{nayl2015autonomous,
  title={On Autonomous Articulated Vehicles},
  author={Nayl, Thaker},
  year={2015},
  school={Lule{\aa} tekniska universitet}
}


@inproceedings{volpe2000enhanced,
  title={Enhanced mars rover navigation techniques},
  author={Volpe, Richard and Estlin, Tara and Laubach, Sharon and Olson, Clark and Balaram, J},
  booktitle={Robotics and Automation, 2000. Proceedings. ICRA'00. IEEE International Conference on},
  volume={1},
  pages={926--931},
  year={2000},
  organization={IEEE}
}


@article{lumelsky1997decentralized,
  title={Decentralized motion planning for multiple mobile robots: The cocktail party model},
  author={Lumelsky, Vladimir J. and Harinarayan, KR},
  journal={Autonomous Robots},
  volume={4},
  number={1},
  pages={121--135},
  year={1997},
  publisher={Springer}
}

@article{zhu2012new,
  title={A new bug-type navigation algorithm for mobile robots in unknown environments containing moving obstacles},
  author={Zhu, Yi and Zhang, Tao and Song, Jingyan and Li, Xiaqin},
  journal={Industrial Robot: An International Journal},
  volume={39},
  number={1},
  pages={27--39},
  year={2012},
  publisher={Emerald Group Publishing Limited}
}

@inproceedings{schwager2008ladybug,
  title={A ladybug exploration strategy for distributed adaptive coverage control},
  author={Schwager, Mac and Bullo, Francesco and Skelly, David and Rus, Daniela},
  booktitle={Robotics and Automation, 2008. ICRA 2008. IEEE International Conference on},
  pages={2346--2353},
  year={2008},
  organization={Citeseer}
}


@article{bachrach2004experimental,
  title={Experimental results for and theoretical analysis of a self-organizing global coordinate system for ad hoc sensor networks},
  author={Bachrach, Jonathan and Nagpal, Radhika and Salib, Michael and Shrobe, Howard},
  journal={Telecommunication Systems},
  volume={26},
  number={2-4},
  pages={213--233},
  year={2004},
  publisher={Springer}
}

@inproceedings{millard2017pi,
	title={The Pi-puck extension board: a Raspberry Pi interface for the e-puck robot platform},
	author={Millard, Alan G and Joyce, Russell and Hilder, James A and Fle{\c{s}}eriu, Cristian and Newbrook, Leonard and Li, Wei and McDaid, Liam J and Halliday, David M},
	booktitle={Intelligent Robots and Systems (IROS), 2017 IEEE/RSJ International Conference on},
	pages={741--748},
	year={2017},
	organization={IEEE}
}

@inproceedings{lopez2017unified,
	title={Unified human and robot command for disaster recovery situations},
	author={Lopez, Carlos Ibarra and Kuczynski, James and Yanco, Holly A},
	booktitle={Technologies for Homeland Security (HST), 2017 IEEE International Symposium on},
	pages={1--6},
	year={2017},
	organization={IEEE}
}

@inproceedings{humphrey2007assessing,
	title={Assessing the scalability of a multiple robot interface},
	author={Humphrey, Curtis M and Henk, Christopher and Sewell, George and Williams, Brian W and Adams, Julie A},
	booktitle={Proceedings of the ACM/IEEE international conference on Human-robot interaction},
	pages={239--246},
	year={2007},
	organization={ACM}
}

@inproceedings{carlson2004follow,
	title={Follow-up analysis of mobile robot failures},
	author={Carlson, Jennifer and Murphy, Robin R and Nelson, Andrew},
	booktitle={Robotics and Automation, 2004. Proceedings. ICRA'04. 2004 IEEE International Conference on},
	volume={5},
	pages={4987--4994},
	year={2004},
	organization={IEEE}
}

@incollection{sugawara2014object,
	title={Object transportation by granular convection using swarm robots},
	author={Sugawara, Ken and Correll, Nikolaus and Reishus, Dustin},
	booktitle={Distributed autonomous robotic systems},
	pages={135--147},
	year={2014},
	publisher={Springer}
}

@inproceedings{weir2006potbug,
  title={Potbug: A mind’s eye approach to providing bug-like guarantees for adaptive obstacle navigation using dynamic potential fields},
  author={Weir, Michael and Buck, Anthony and Lewis, Jon},
  booktitle={International Conference on Simulation of Adaptive Behavior},
  pages={239--250},
  year={2006},
  organization={Springer}
}


@INPROCEEDINGS{6530864,
author={J. Choi},
booktitle={2012 First International Conference on Innovative Engineering Systems},
title={A potential field and bug compound navigation algorithm for nonholonomic wheeled robots},
year={2012},
volume={},
number={},
pages={166-171},
keywords={collision avoidance;mobile robots;robot kinematics;trajectory control;bug compound navigation algorithm;nonholonomic wheeled robots;trajectory generation algorithm;obstacle avoidance constraint;artificial potential field;robot bug-like motion;collision cone;repulsive force;kinematic constraints;autonomous robots},
doi={10.1109/ICIES.2012.6530864},
ISSN={},
month={Dec},}

@INPROCEEDINGS{1461311,
author={Shangming Wei and M. Zefran},
booktitle={Proceedings. 2005 IEEE Networking, Sensing and Control, 2005.},
title={Smooth path planning and control for mobile robots},
year={2005},
volume={},
number={},
pages={894-899},
keywords={path planning;mobile robots;convergence;sensors;smooth path planning;autonomous mobile robots;sensor based path planning algorithm;global convergence;real robots;hybrid control;Path planning;Robot control;Mobile robots;Robot sensing systems;Robot kinematics;Convergence;Service robots;Safety;Actuators;Switches},
doi={10.1109/ICNSC.2005.1461311},
ISSN={},
month={March},}

@article{Kim2016mROBerTOAM,
	title={mROBerTO: A modular millirobot for swarm-behavior studies},
	author={Justin Y. Kim and Tyler Colaco and Zendai Kashino and Goldie Nejat and Beno Benhabib},
	journal={2016 IEEE/RSJ International Conference on Intelligent Robots and Systems (IROS)},
	year={2016},
	pages={2109-2114}
}

@inproceedings{spica2016active,
  title={Active decentralized scale estimation for bearing-based localization},
  author={Spica, Riccardo and Giordano, Paolo Robuffo},
  booktitle={Intelligent Robots and Systems (IROS), 2016 IEEE/RSJ International Conference on},
  pages={5084--5091},
  year={2016},
  organization={IEEE}
}

@article{ng2007performance,
	title={Performance comparison of bug navigation algorithms},
	author={Ng, James and Br{\"a}unl, Thomas},
	journal={Journal of Intelligent and Robotic Systems},
	volume={50},
	number={1},
	pages={73--84},
	year={2007},
	publisher={Springer}
}

@article{kamon1998tangentbug,
	title={Tangentbug: A range-sensor-based navigation algorithm},
	author={Kamon, Ishay and Rimon, Elon and Rivlin, Ehud},
	journal={The International Journal of Robotics Research},
	volume={17},
	number={9},
	pages={934--953},
	year={1998},
	publisher={Sage Publications Sage CA: Thousand Oaks, CA}
}

@article{miller1990empirical,
	title={An empirical study of the reliability of UNIX utilities},
	author={Miller, Barton P and Fredriksen, Louis and So, Bryan},
	journal={Communications of the ACM},
	volume={33},
	number={12},
	pages={32--44},
	year={1990},
	publisher={ACM}
}

@inproceedings{pnueli1998translation,
	title={Translation validation},
	author={Pnueli, Amir and Siegel, Michael and Singerman, Eli},
	booktitle={International Conference on Tools and Algorithms for the Construction and Analysis of Systems},
	pages={151--166},
	year={1998},
	organization={Springer}
}

@article{bazzichi1982automatic,
	title={An automatic generator for compiler testing},
	author={Bazzichi, Franco and Spadafora, Ippolito},
	journal={IEEE Transactions on Software Engineering},
	number={4},
	pages={343--353},
	year={1982},
	publisher={IEEE}
}

@article{tomita2009sensor,
	title={A Sensor Based Navigation Algorithm of a Mobile Robot with Moving Obstacles in Its Workspace Assuring Convergence Property},
	author={Tomita, Masaaki and Yamamoto, Motoji},
	journal={Memoirs of the Faculty of Engineering, Kyushu University},
	volume={69},
	number={2},
	year={2009}
}

@article{cornejo2013scale,
  title={Scale-free coordinates for multi-robot systems with bearing-only sensors},
  author={Cornejo, Alejandro and Lynch, Andrew J and Fudge, Elizabeth and Bilstein, Siegfried and Khabbazian, Majid and McLurkin, James},
  journal={The International Journal of Robotics Research},
  volume={32},
  number={12},
  pages={1459--1474},
  year={2013},
  publisher={SAGE Publications Sage UK: London, England}
}


@inproceedings{loizou2007biologically,
  title={Biologically inspired bearing-only navigation and tracking},
  author={Loizou, Savvas G and Kumar, Vijay},
  booktitle={Decision and Control, 2007 46th IEEE Conference on},
  pages={1386--1391},
  year={2007},
  organization={IEEE}
}

@inproceedings{mcdonald2017haptic,
	title={Haptic shape-based management of robot teams in cordon and patrol},
	author={McDonald, Samuel J and Colton, Mark B and Alder, C Kristopher and Goodrich, Michael A},
	booktitle={Proceedings of the 2017 ACM/IEEE International Conference on Human-Robot Interaction},
	pages={380--388},
	year={2017},
	organization={ACM}
}


@inproceedings{hornecker2012beyond,
	title={Beyond affordance: tangibles' hybrid nature},
	author={Hornecker, Eva},
	booktitle={Proceedings of the Sixth International Conference on Tangible, Embedded and Embodied Interaction},
	pages={175--182},
	year={2012},
	organization={ACM}
}


@inproceedings{nacenta2013memorability,
	title={Memorability of pre-designed and user-defined gesture sets},
	author={Nacenta, Miguel A and Kamber, Yemliha and Qiang, Yizhou and Kristensson, Per Ola},
	booktitle={Proceedings of the SIGCHI Conference on Human Factors in Computing Systems},
	pages={1099--1108},
	year={2013},
	organization={ACM}
}

@incollection{diaz2017human,
  title={Human--Swarm Interactions via Coverage of Time-Varying Densities},
  author={Diaz-Mercado, Yancy and Lee, Sung G and Egerstedt, Magnus},
  booktitle={Trends in Control and Decision-Making for Human--Robot Collaboration Systems},
  pages={357--385},
  year={2017},
  publisher={Springer}
}

@online{AppleTouchpadHelp,
	author = {{Apple Corp.}},
	title = {Use Multi-Touch gestures on your Mac},
	year = 2017,
	url = {https://support.apple.com/en-us/ht204895},
	urldate = {2017-12-1}
}

@article{mcneill1985so,
	title={So you think gestures are nonverbal?},
	author={McNeill, David},
	journal={Psychological review},
	volume={92},
	number={3},
	pages={350},
	year={1985},
	publisher={US: American Psychological Association}
}

@inproceedings{patil2016ub,
	title={UB robot swarm—Design, implementation, and power management},
	author={Patil, Madhav and Abukhalil, Tamer and Patel, Sarosh and Sobh, Tarek},
	booktitle={Control and Automation (ICCA), 2016 12th IEEE International Conference on},
	pages={577--582},
	year={2016},
	organization={IEEE}
}


@online{IntelDronesPage,
  author = {{Intel Corp.}},
  title = {Drone Light Shows Powered By Intel},
  year = 2018,
  url = {https://www.intel.com/content/www/us/en/technology-innovation/aerial-technology-light-show.html},
  urldate = {2018-4-2}
}

@online{OlympicTech,
  author = {{Intel Corp.}},
  title = {Olympic Drones Tech Behind the Light Show},
  year = 2018,
  url ={https://www.intel.com/content/www/us/en/technology-innovation/aerial-technology-light-show.html},
  urldate = {2018-4-2}
}

@online{PerlisYaleLolz,
	author = {Alan Perlis},
	title = {Epigrams in Programming},
	year = 1982,
	url = {http://www.cs.yale.edu/homes/perlis-alan/quotes.html},
	urldate = {2018-10-18}
}
@inproceedings{brown2014human,
  title={Human-swarm interactions based on managing attractors},
  author={Brown, Daniel S and Kerman, Sean C and Goodrich, Michael A},
  booktitle={Proceedings of the 2014 ACM/IEEE international conference on Human-robot interaction},
  pages={90--97},
  year={2014},
  organization={ACM}
}

@inproceedings{kira2009exerting,
  title={Exerting human control over decentralized robot swarms},
  author={Kira, Zsolt and Potter, Mitchell A},
  booktitle={Autonomous Robots and Agents, 2009. ICARA 2009. 4th International Conference on},
  pages={566--571},
  year={2009},
  organization={IEEE}
}

@inproceedings{tejada2003virtual,
  title={Virtual Synergy: A Human-Robot Interface for Urban Search and Rescue.},
  author={Tejada, Sheila and Cristina, Andrew and Goodwyne, Priscilla and Normand, Eric and O'Hara, Ryan and Tarapore, Shahrukh},
  booktitle={Aaai mobile robot competition},
  pages={13--19},
  year={2003}
}

@inproceedings{walker2012neglect,
  title={Neglect benevolence in human control of swarms in the presence of latency},
  author={Walker, Phillip and Nunnally, Steven and Lewis, Mike and Kolling, Andreas and Chakraborty, Nilanjan and Sycara, Katia},
  booktitle={Systems, Man, and Cybernetics (SMC), 2012 IEEE International Conference on},
  pages={3009--3014},
  year={2012},
  organization={IEEE}
}

@article{parasuraman2005flexible,
  title={A flexible delegation-type interface enhances system performance in human supervision of multiple robots: Empirical studies with RoboFlag},
  author={Parasuraman, Raja and Galster, Scott and Squire, Peter and Furukawa, Hiroshi and Miller, Christopher},
  journal={IEEE Transactions on systems, man, and cybernetics-part A: Systems and Humans},
  volume={35},
  number={4},
  pages={481--493},
  year={2005},
  publisher={IEEE}
}

@inproceedings{humphrey2007assessing,
  title={Assessing the scalability of a multiple robot interface},
  author={Humphrey, Curtis M and Henk, Christopher and Sewell, George and Williams, Brian W and Adams, Julie A},
  booktitle={Proceedings of the ACM/IEEE international conference on Human-robot interaction},
  pages={239--246},
  year={2007},
  organization={ACM}
}

@inproceedings{gancet2010user,
  title={User interfaces for human robot interactions with a swarm of robots in support to firefighters},
  author={Gancet, Jeremi and Motard, Elvina and Naghsh, Amir and Roast, Chris and Arancon, Miguel Munoz and Marques, Lino},
  booktitle={Robotics and Automation (ICRA), 2010 IEEE International Conference on},
  pages={2846--2851},
  year={2010},
  organization={IEEE}
}

@article{kolling2013human,
  title={Human swarm interaction: An experimental study of two types of interaction with foraging swarms},
  author={Kolling, Andreas and Sycara, Katia and Nunnally, Steve and Lewis, Michael},
  journal={Journal of Human-Robot Interaction},
  volume={2},
  number={2},
  year={2013},
  publisher={University of Pittsburgh}
}

@inproceedings{schoof2014bearing,
  title={Bearing-compass formation control: A human-swarm interaction perspective},
  author={Schoof, Eric and Chapman, Airlie and Mesbahi, Mehran},
  booktitle={American Control Conference (ACC), 2014},
  pages={3881--3886},
  year={2014},
  organization={IEEE}
}

@inproceedings{nagi2014human,
  title={Human-swarm interaction using spatial gestures},
  author={Nagi, Jawad and Giusti, Alessandro and Gambardella, Luca M and Di Caro, Gianni A},
  booktitle={Intelligent Robots and Systems (IROS 2014), 2014 IEEE/RSJ International Conference on},
  pages={3834--3841},
  year={2014},
  organization={IEEE}
}

@inproceedings{vasile2011integrating,
  title={Integrating human swarm interaction in a distributed robotic control system},
  author={Vasile, Cristian and Pavel, Ana and Buiu, C{\u{a}}t{\u{a}}lin},
  booktitle={Automation science and engineering (CASE), 2011 IEEE conference on},
  pages={743--748},
  year={2011},
  organization={IEEE}
}

@inproceedings{giusti2012human,
  title={Human-swarm interaction through distributed cooperative gesture recognition},
  author={Giusti, Alessandro and Nagi, Jawad and Gambardella, Luca M and Bonardi, St{\'e}phane and Di Caro, Gianni A},
  booktitle={Proceedings of the seventh annual ACM/IEEE international conference on Human-Robot Interaction},
  pages={401--402},
  year={2012},
  organization={ACM}
}

@inproceedings{nagi2014online,
  title={Online feature extraction for the incremental learning of gestures in human-swarm interaction},
  author={Nagi, Jawad and Giusti, Alessandro and Nagi, Farrukh and Gambardella, Luca M and Di Caro, Gianni A},
  booktitle={Robotics and Automation (ICRA), 2014 IEEE International Conference on},
  pages={3331--3338},
  year={2014},
  organization={IEEE}
}

@article{derboven2012semiotic,
  title={Semiotic analysis of multi-touch interface design: The MuTable case study},
  author={Derboven, Jan and De Roeck, Dries and Verstraete, Mathijs},
  journal={International Journal of Human-Computer Studies},
  volume={70},
  number={10},
  pages={714--728},
  year={2012},
  publisher={Elsevier}
}

@inproceedings{goodrich2011toward,
  title={Toward human interaction with bio-inspired robot teams},
  author={Goodrich, Michael A and Pendleton, Brian and Sujit, PB and Pinto, Jos{\'e}},
  booktitle={Systems, man, and cybernetics (smc), 2011 ieee international conference on},
  pages={2859--2864},
  year={2011},
  organization={IEEE}
}

@article{brown2015two,
  title={Two invariants of human swarm interaction},
  author={Brown, Daniel Sundquist and Goodrich, Michael A and Jung, Shin-Young and Kerman, Sean C},
  journal={Journal of Human-Robot Interaction},
  volume={5},
  number={1},
  pages={1--31},
  year={2015}
}

@inproceedings{nunnally2012human,
  title={Human influence of robotic swarms with bandwidth and localization issues},
  author={Nunnally, Steven and Walker, P and Kolling, Andreas and Chakraborty, Nilanjan and Lewis, Michael and Sycara, K and Goodrich, M},
  booktitle={Systems, Man, and Cybernetics (SMC), 2012 IEEE International Conference on},
  pages={333--338},
  year={2012},
  organization={IEEE}
}

@inproceedings{alonso2015gesture,
  title={Gesture based human-multi-robot swarm interaction and its application to an interactive display},
  author={Alonso-Mora, Javier and Lohaus, S Haegeli and Leemann, Philipp and Siegwart, Roland and Beardsley, Paul},
  booktitle={Robotics and Automation (ICRA), 2015 IEEE International Conference on},
  pages={5948--5953},
  year={2015},
  organization={IEEE}
}

@inproceedings{gross2014skeu,
  title={Skeu the evolution: skeuomorphs, style, and the material of tangible interactions},
  author={Gross, Shad and Bardzell, Jeffrey and Bardzell, Shaowen},
  booktitle={Proceedings of the 8th International Conference on Tangible, Embedded and Embodied Interaction},
  pages={53--60},
  year={2014},
  organization={ACM}
}

@article{van1997post,
  title={Post-WIMP user interfaces},
  author={Van Dam, Andries},
  journal={Communications of the ACM},
  volume={40},
  number={2},
  pages={63--67},
  year={1997},
  publisher={ACM}
}

@article{mufti2017intguitive,
  title={IntGUItive: Developing a Natural, Intuitive Graphical User Interface for Mobile Devices},
  author={Mufti, Ammaar Amin},
  year={2017}
}

@incollection{musse1999guiding,
  title={Guiding and interacting with virtual crowds},
  author={Musse, Soraia Raupp and Garat, Fabien and Thalmann, Daniel},
  booktitle={Computer Animation and Simulation’99},
  pages={23--33},
  year={1999},
  publisher={Springer}
}

@article{lickel2001elements,
  title={Elements of a lay theory of groups: Types of groups, relational styles, and the perception of group entitativity},
  author={Lickel, Brian and Hamilton, David L and Sherman, Steven J},
  journal={Personality and Social Psychology Review},
  volume={5},
  number={2},
  pages={129--140},
  year={2001},
  publisher={Sage Publications Sage CA: Los Angeles, CA}
}

@article{rusak2016affordances,
  title={Affordances for designing natural user interfaces for 3D modelling},
  author={Rus{\'a}k, Zolt{\'a}n and Cimen, Ismail and Horv{\'a}th, Imre and Helm, Aadjan Van der},
  journal={International Journal of Computer Aided Engineering and Technology},
  volume={8},
  number={1-2},
  pages={8--32},
  year={2016},
  publisher={Inderscience Publishers (IEL)}
}

@book{glaser2017discovery,
  title={Discovery of grounded theory: Strategies for qualitative research},
  author={Glaser, Barney G and Strauss, Anselm L},
  year={2017},
  publisher={Routledge}
}


@article{dunbar1992neocortex,
  title={Neocortex size as a constraint on group size in primates},
  author={Dunbar, Robin IM},
  journal={Journal of human evolution},
  volume={22},
  number={6},
  pages={469--493},
  year={1992},
  publisher={Elsevier}
}

@article{oʼgrady2011swarmanoid,
  title={Swarmanoid, the movie},
  author={OʼGrady, R and Birattari, M and Dorigo, M},
  journal={AAAI-11 Video Proceedings},
  year={2011}
}

@article{lickel2000varieties,
  title={Varieties of groups and the perception of group entitativity.},
  author={Lickel, Brian and Hamilton, David L and Wieczorkowska, Grazyna and Lewis, Amy and Sherman, Steven J and Uhles, A Neville},
  journal={Journal of personality and social psychology},
  volume={78},
  number={2},
  pages={223},
  year={2000},
  publisher={US: American Psychological Association}
}


@inproceedings{brooks1992artificial,
  title={Artificial life and real robots},
  author={Brooks, Rodney A},
  booktitle={Proceedings of the First European Conference on artificial life},
  pages={3--10},
  year={1992}
}

@inproceedings{jakobi1995noise,
  title={Noise and the reality gap: The use of simulation in evolutionary robotics},
  author={Jakobi, Nick and Husbands, Phil and Harvey, Inman},
  booktitle={European Conference on Artificial Life},
  pages={704--720},
  year={1995},
  organization={Springer}
}

@article{stewart2003trust,
  title={Trust transfer on the world wide web},
  author={Stewart, Katherine J},
  journal={Organization Science},
  volume={14},
  number={1},
  pages={5--17},
  year={2003},
  publisher={INFORMS}
}

@article{wilder1978perceiving,
  title={Perceiving persons as a group: Effects on attributions of causality and beliefs},
  author={Wilder, David A},
  journal={Social Psychology},
  pages={13--23},
  year={1978},
  publisher={JSTOR}
}

@article{wilder1977perception,
  title={Perception of groups, size of opposition, and social influence},
  author={Wilder, David A},
  journal={Journal of Experimental Social Psychology},
  volume={13},
  number={3},
  pages={253--268},
  year={1977},
  publisher={Elsevier}
}

@inproceedings{erez2015simulation,
  title={Simulation tools for model-based robotics: Comparison of bullet, havok, mujoco, ode and physx},
  author={Erez, Tom and Tassa, Yuval and Todorov, Emanuel},
  booktitle={Robotics and Automation (ICRA), 2015 IEEE International Conference on},
  pages={4397--4404},
  year={2015},
  organization={IEEE}
}

@Article{Brooks2000,
author={Brooks, Rodney},
title={From robot dreams to reality},
journal={Nature},
year={2000},
month={Aug},
day={31},
publisher={Macmillan Magazines Ltd. SN  -},
volume={406},
pages={945 EP  -},
url={http://dx.doi.org/10.1038/35023200}
}

@article{arnett2008neglected,
  title={The neglected 95\%: why American psychology needs to become less American.},
  author={Arnett, Jeffrey J},
  journal={American Psychologist},
  volume={63},
  number={7},
  pages={602},
  year={2008},
  publisher={American Psychological Association}
}

@inproceedings{yanco2004classifying,
  title={Classifying human-robot interaction: an updated taxonomy},
  author={Yanco, Holly A and Drury, Jill},
  booktitle={Systems, Man and Cybernetics, 2004 IEEE International Conference on},
  volume={3},
  pages={2841--2846},
  year={2004},
  organization={IEEE}
}

@article{andreen2016emergent,
  title={Emergent Structures Assembled by Large Swarms of Simple Robots},
  author={Andreen, David and Jenning, Petra and Napp, Nils and Petersen, Kirstin},
  year={2016},
  publisher={CUMINCAD}
}

@inproceedings{arvin2015cosvarphi,
  title={COS$\Phi$: artificial pheromone system for robotic swarms research},
  author={Arvin, Farshad and Krajn{\'\i}k, Tom{\'a}{\v{s}} and Turgut, Ali Emre and Yue, Shigang},
  booktitle={Intelligent Robots and Systems (IROS), 2015 IEEE/RSJ International Conference on},
  pages={407--412},
  year={2015},
  organization={IEEE}
}

@incollection{diaz2017human,
  title={Human--Swarm Interactions via Coverage of Time-Varying Densities},
  author={Diaz-Mercado, Yancy and Lee, Sung G and Egerstedt, Magnus},
  booktitle={Trends in Control and Decision-Making for Human--Robot Collaboration Systems},
  pages={357--385},
  year={2017},
  publisher={Springer}
}


@misc{cham2010graduate,
author = {Cham, Jorge},
title = {How Robotics Research Keeps... Re-Inventing the Wheel},
journal = {Willow Garage Website},
type = {Blog},
number = {April},
year = {2010},
howpublished = {\url{http://www.willowgarage.com/blog/2010/04/27/reinventing-wheel}}
}


@inproceedings{wobbrock2009user,
  title={User-defined gestures for surface computing},
  author={Wobbrock, Jacob O and Morris, Meredith Ringel and Wilson, Andrew D},
  booktitle={Proceedings of the SIGCHI Conference on Human Factors in Computing Systems},
  pages={1083--1092},
  year={2009},
  organization={ACM}
}

@article{werger1999cooperation,
  title={Cooperation without deliberation: A minimal behavior-based approach to multi-robot teams},
  author={Werger, Barry Brian},
  journal={Artificial Intelligence},
  volume={110},
  number={2},
  pages={293--320},
  year={1999},
  publisher={Elsevier}
}

@inproceedings{yao2012multi,
  title={A multi-touch natural user interface framework},
  author={Yao, Jialiang and Fernando, Terrence and Wang, Hongxia},
  booktitle={Systems and Informatics (ICSAI), 2012 International Conference on},
  pages={499--504},
  year={2012},
  organization={IEEE}
}

@inproceedings{freeman2009shadowguides,
  title={ShadowGuides: visualizations for in-situ learning of multi-touch and whole-hand gestures},
  author={Freeman, Dustin and Benko, Hrvoje and Morris, Meredith Ringel and Wigdor, Daniel},
  booktitle={Proceedings of the ACM International Conference on Interactive Tabletops and Surfaces},
  pages={165--172},
  year={2009},
  organization={ACM}
}

@inproceedings{vanacken2008ghosts,
  title={Ghosts in the interface: Meta-user interface visualizations as guides for multi-touch interaction},
  author={Vanacken, Davy and Demeure, Alexandre and Luyten, Kris and Coninx, Karin},
  booktitle={Horizontal Interactive Human Computer Systems, 2008. TABLETOP 2008. 3rd IEEE International Workshop on},
  pages={81--84},
  year={2008},
  organization={IEEE}
}

@book{blakeNUIWin,
title={Multitouch on Windows},
  author={Blake, Joshua},
  publisher = {Manning Publications},
  year      = 2010,
  address   = {5260 Mac Drive, Grand Forks, ND  58201},
  note      = {Excerpted on http://nui.joshland.org/2010/03/what-is-natural-user-interface-book.html},
}

@article{olson2013cacm,
    AUTHOR     = {Edwin Olson and Johannes Strom and Robert Goeddel and Ryan Morton and
                 Pradeep Ranganathan and Andrew Richardson},
    TITLE      = {Exploration and Mapping with Autonomous Robot Teams},
    JOURNAL    = {Communications of the ACM},
    PUBLISHER  = {ACM Press},
    MONTH      = {March},
    YEAR       = {2013},
    VOLUME     = {56},
    NUMBER     = {3},
    URL        = {http://doi.acm.org/10.1145/2428556.2428574},
}



@inproceedings{olson2011tags,
    TITLE      = {{AprilTag}: A robust and flexible visual fiducial system},
    AUTHOR     = {Edwin Olson},
    BOOKTITLE  = {Proceedings of the {IEEE} International Conference on Robotics and
                 Automation ({ICRA})},
    YEAR       = {2011},
    MONTH      = {May},
    PAGES      = {3400-3407},
    KEYWORDS   = {Robot navigation, SLAM, Visual Fiducial, ARToolkit},
    PUBLISHER  = {IEEE},
}

@inproceedings{kube1996use,
	title={The use of perceptual cues in multi-robot box-pushing},
	author={Kube, C Ronald and Zhang, Hong},
	booktitle={Robotics and Automation, 1996. Proceedings., 1996 IEEE International Conference on},
	volume={3},
	pages={2085--2090},
	year={1996},
	organization={IEEE}
}

@inproceedings{beckerleg2016evolving,
  title={Evolving individual and collective behaviours for the Kilobot robot},
  author={Beckerleg, Mark and Zhang, Chan},
  booktitle={Advanced Motion Control (AMC), 2016 IEEE 14th International Workshop on},
  pages={263--268},
  year={2016},
  organization={IEEE}
}

@INPROCEEDINGS{Werger96roboticfood,
    author = {Barry Brian Werger and Maja J. Mataric},
    title = {Robotic "Food" Chains: Externalization of State and Program for Minimal-Agent Foraging},
    booktitle = {In (Maes et al},
    year = {1996},
    pages = {625--634},
    publisher = {The MIT Press}
}

@inproceedings{mataric1991navigating,
	title={Navigating with a rat brain: a neurobiologically inspired model},
	author={Mataric, Maja J},
	booktitle={From Animals to Animats; Proceedings of the First International Conference on Simulation of Adaptive Behavior. MIT Press, Cambridge, Mass},
	pages={81},
	year={1991}
}

@article{rahimi2018comparison,
	title={A Comparison of Various Approaches to Reinforcement Learning Algorithms for Multi-robot Box Pushing},
	author={Rahimi, Mehdi and Gibb, Spencer and Shen, Yantao and La, Hung Manh},
	journal={arXiv preprint arXiv:1809.08337},
	year={2018}
}

@article{pierce1997map,
	title={Map learning with uninterpreted sensors and effectors},
	author={Pierce, David and Kuipers, Benjamin J},
	journal={Artificial Intelligence},
	volume={92},
	number={1-2},
	pages={169--227},
	year={1997},
	publisher={Elsevier}
}

@article{goedeme2007omnidirectional,
	title={Omnidirectional vision based topological navigation},
	author={Goedem{\'e}, Toon and Nuttin, Marnix and Tuytelaars, Tinne and Van Gool, Luc},
	journal={International Journal of Computer Vision},
	volume={74},
	number={3},
	pages={219--236},
	year={2007},
	publisher={Springer}
}

@inproceedings{costa2016design,
	title={Design and development of an inexpensive aquatic swarm robotics system},
	author={Costa, Vasco and Duarte, Miguel and Rodrigues, Tiago and Oliveira, Sancho Moura and Christensen, Anders Lyhne},
	booktitle={OCEANS 2016-Shanghai},
	pages={1--7},
	year={2016},
	organization={IEEE}
}

@article{lopes2016supervisory,
	title={Supervisory control theory applied to swarm robotics},
	author={Lopes, Yuri K and Trenkwalder, Stefan M and Leal, Andr{\'e} B and Dodd, Tony J and Gro{\ss}, Roderich},
	journal={Swarm Intelligence},
	volume={10},
	number={1},
	pages={65--97},
	year={2016},
	publisher={Springer}
}

@article{stcircle,
	title={Circle Formation with Computation-Free Robots shows Emergent Behavioural Structure},
	author={St-Onge, David and Pinciroli, Carlo and Beltrame, Giovanni},
	year={2018},
	booktitle={Intelligent Robots and Systems (IROS), 2018 IEEE/RSJ International Conference on}
}

@techreport{mataric1994interaction,
  title={Interaction and intelligent behavior.},
  author={Matarić, Maja J},
  year={1994},
  institution={MASSACHUSETTS INST OF TECH CAMBRIDGE ARTIFICIAL INTELLIGENCE LAB}
}


@inproceedings{ozdemir2017shepherding,
	title={Shepherding with robots that do not compute},
	author={{\"O}zdemir, Anil and Gauci, Melvin and Gross, Roderich},
	booktitle={Artificial Life Conference Proceedings 14},
	pages={332--339},
	year={2017},
	organization={MIT Press}
}

@article{wareham2018viable,
	title={Viable algorithmic options for designing reactive robot swarms},
	author={Wareham, Todd and Vardy, Andrew},
	journal={ACM Transactions on Autonomous and Adaptive Systems (TAAS)},
	volume={13},
	number={1},
	pages={5},
	year={2018},
	publisher={ACM}
}

@incollection{brown2018discovery,
	title={Discovery and exploration of novel swarm behaviors given limited robot capabilities},
	author={Brown, Daniel S and Turner, Ryan and Hennigh, Oliver and Loscalzo, Steven},
	booktitle={Distributed Autonomous Robotic Systems},
	pages={447--460},
	year={2018},
	publisher={Springer}
}


@inproceedings{johnson2016evolving,
	title={Evolving and controlling perimeter, rendezvous, and foraging behaviors in a computation-free robot swarm},
	author={Johnson, Matthew and Brown, Daniel},
	booktitle={Proceedings of the 9th EAI International Conference on Bio-inspired Information and Communications Technologies (formerly BIONETICS)},
	pages={311--314},
	year={2016},
	organization={ICST (Institute for Computer Sciences, Social-Informatics and Telecommunications Engineering)}
}

@article{gauci2014self,
	title={Self-organized aggregation without computation},
	author={Gauci, Melvin and Chen, Jianing and Li, Wei and Dodd, Tony J and Gro{\ss}, Roderich},
	journal={The International Journal of Robotics Research},
	volume={33},
	number={8},
	pages={1145--1161},
	year={2014},
	publisher={SAGE Publications Sage UK: London, England}
}



@article{hocraffer2017meta,
	title={A meta-analysis of human-system interfaces in unmanned aerial vehicle (UAV) swarm management},
	author={Hocraffer, Amy and Nam, Chang S},
	journal={Applied ergonomics},
	volume={58},
	pages={66--80},
	year={2017},
	publisher={Elsevier}
}

@inproceedings{kapellmann2016human,
	title={Human-robot swarm interaction with limited situational awareness},
	author={Kapellmann-Zafra, Gabriel and Salomons, Nicole and Kolling, Andreas and Gro{\ss}, Roderich},
	booktitle={International Conference on Swarm Intelligence},
	pages={125--136},
	year={2016},
	organization={Springer}
}

@inproceedings{suzuki2018reactile,
  title={Reactile: Programming Swarm User Interfaces through Direct Physical Manipulation},
  author={Suzuki, Ryo and Kato, Jun and Gross, Mark D and Yeh, Tom},
  booktitle={Proceedings of the 2018 CHI Conference on Human Factors in Computing Systems},
  pages={199},
  year={2018},
  organization={ACM}
}

@inproceedings{Correll:2017:WRM:3131672.3131702,
 author = {Correll, Nikolaus and Dutta, Prabal and Han, Richard and Pister, Kristofer},
 title = {Wireless Robotic Materials},
 booktitle = {Proceedings of the 15th ACM Conference on Embedded Network Sensor Systems},
 series = {SenSys '17},
 year = {2017},
 isbn = {978-1-4503-5459-2},
 location = {Delft, Netherlands},
 pages = {24:1--24:6},
 articleno = {24},
 numpages = {6},
 url = {http://doi.acm.org/10.1145/3131672.3131702},
 doi = {10.1145/3131672.3131702},
 acmid = {3131702},
 publisher = {ACM},
 address = {New York, NY, USA},
 keywords = {Robotic Materials, multi-functional materials, wireless communication, wireless power},
} 

@inproceedings{kalat2015tribot,
	title={Tribot: A minimally-actuated accessible holonomic hexapedal locomotion platform},
	author={Kalat, Shadi Tasdighi and Faal, Siamak G and Celik, Ugur and Onal, Cagdas D},
	booktitle={Intelligent Robots and Systems (IROS), 2015 IEEE/RSJ International Conference on},
	pages={6292--6297},
	year={2015},
	organization={IEEE}
}

@inproceedings{hilder2016psi,
	title={The psi swarm: A low-cost robotics platform and its use in an education setting},
	author={Hilder, James and Horsfield, Alexander and Millard, Alan G and Timmis, Jon},
	booktitle={Conference Towards Autonomous Robotic Systems},
	pages={158--164},
	year={2016},
	organization={Springer}
}


@inproceedings{preiss2017crazyswarm,
	title={Crazyswarm: A large nano-quadcopter swarm},
	author={Preiss, James A and Honig, Wolfgang and Sukhatme, Gaurav S and Ayanian, Nora},
	booktitle={Robotics and Automation (ICRA), 2017 IEEE International Conference on},
	pages={3299--3304},
	year={2017},
	organization={IEEE}
}


@inproceedings{le2016zooids,
	title={Zooids: Building blocks for swarm user interfaces},
	author={Le Goc, Mathieu and Kim, Lawrence H and Parsaei, Ali and Fekete, Jean-Daniel and Dragicevic, Pierre and Follmer, Sean},
	booktitle={Proceedings of the 29th Annual Symposium on User Interface Software and Technology},
	pages={97--109},
	year={2016},
	organization={ACM}
}

@article{wilson2016pheeno,
	title={Pheeno, a versatile swarm robotic research and education platform},
	author={Wilson, Sean and Gameros, Ruben and Sheely, Michael and Lin, Matthew and Dover, Kathryn and Gevorkyan, Robert and Haberland, Matt and Bertozzi, Andrea and Berman, Spring},
	journal={IEEE Robotics and Automation Letters},
	volume={1},
	number={2},
	pages={884--891},
	year={2016},
	publisher={IEEE}
}

@phdthesis{landsiedel2018semantic,
	title={Semantic Mapping for Autonomous Robots in Urban Environments},
	author={Landsiedel, Christian},
	year={2018},
	school={Technische Universit{\"a}t M{\"u}nchen}
}

@inproceedings{tapus2005incremental,
	title={Incremental robot mapping with fingerprints of places.},
	author={Tapus, Adriana and Siegwart, Roland},
	booktitle={IROS},
	volume={1},
	pages={2429--2434},
	year={2005}
}

@article{franz1998learning,
	title={Learning view graphs for robot navigation},
	author={Franz, Matthias O and Sch{\"o}lkopf, Bernhard and Mallot, Hanspeter A and B{\"u}lthoff, Heinrich H},
	journal={Autonomous robots},
	volume={5},
	number={1},
	pages={111--125},
	year={1998},
	publisher={Springer}
}

@incollection{skjetne2014chirp,
	title={The ChIRP robot: A versatile swarm robot platform},
	author={Skjetne, Christian and Haddow, Pauline C and Rye, Anders and Schei, H{\aa}vard and Montanier, Jean-Marc},
	booktitle={Robot Intelligence Technology and Applications 2},
	pages={71--82},
	year={2014},
	publisher={Springer}
}

@article{alkilabi2017cooperative,
	title={Cooperative object transport with a swarm of e-puck robots: robustness and scalability of evolved collective strategies},
	author={Alkilabi, Muhanad H Mohammed and Narayan, Aparajit and Tuci, Elio},
	journal={Swarm Intelligence},
	volume={11},
	number={3-4},
	pages={185--209},
	year={2017},
	publisher={Springer}
}

@article{tuci2018cooperative,
	title={Cooperative object transport in multi-robot systems: A review of the state-of-the-art},
	author={Tuci, Elio and Alkilabi, Muhanad Hayder Mohammed and Akanyeti, Otar},
	journal={Frontiers in Robotics and AI},
	volume={5},
	pages={59},
	year={2018},
	publisher={Frontiers}
}


@inproceedings{pearce2003dispersion,
  title={Dispersion behaviors for a team of multiple miniature robots},
  author={Pearce, Janice L and Rybski, Paul E and Stoeter, Sascha A and Papanikolopoulos, Nikolaos},
  booktitle={Robotics and Automation, 2003. Proceedings. ICRA'03. IEEE International Conference on},
  volume={1},
  pages={1158--1163},
  year={2003},
  organization={IEEE}
}

@article{mataric1995designing,
  title={Designing and understanding adaptive group behavior},
  author={Matari{\'c}, Maja J},
  journal={Adaptive Behavior},
  volume={4},
  number={1},
  pages={51--80},
  year={1995},
  publisher={Sage Publications Sage CA: Thousand Oaks, CA}
}

@inproceedings{Brown:2014:HIB:2559636.2559661,
 author = {Brown, Daniel S. and Kerman, Sean C. and Goodrich, Michael A.},
 title = {Human-swarm Interactions Based on Managing Attractors},
 booktitle = {Proceedings of the 2014 ACM/IEEE International Conference on Human-robot Interaction},
 series = {HRI '14},
 year = {2014},
 isbn = {978-1-4503-2658-2},
 location = {Bielefeld, Germany},
 pages = {90--97},
 numpages = {8},
 url = {http://doi.acm.org/10.1145/2559636.2559661},
 doi = {10.1145/2559636.2559661},
 acmid = {2559661},
 publisher = {ACM},
 address = {New York, NY, USA},
 keywords = {bio-inspired swarms, human-swarm interaction, managing attractors of dynamic systems, quorum sensing},
}

@inproceedings{montgomery2009receiver,
  title={Receiver-autonomous spoofing detection: Experimental results of a multi-antenna receiver defense against a portable civil GPS spoofer},
  author={Montgomery, Paul Y and Humphreys, Todd E and Ledvina, Brent M},
  booktitle={Proceedings of the ION International Technical Meeting},
  year={2009}
}

@inproceedings{hayes2001swarm,
  title={Swarm robotic odor localization},
  author={Hayes, Adam T and Martinoli, Alcherio and Goodman, Rodney M},
  booktitle={Intelligent Robots and Systems, 2001. Proceedings. 2001 IEEE/RSJ International Conference on},
  volume={2},
  pages={1073--1078},
  year={2001},
  organization={IEEE}
} 

@article{hasslacher1995living,
  title={Living machines},
  author={Hasslacher, Brosl and Tilden, Mark W},
  journal={Robotics and autonomous systems},
  volume={15},
  number={1},
  pages={143--169},
  year={1995},
  publisher={Elsevier}
}

@article{belta2007symbolic,
  title={Symbolic planning and control of robot motion [grand challenges of robotics]},
  author={Belta, Calin and Bicchi, Antonio and Egerstedt, Magnus and Frazzoli, Emilio and Klavins, Eric and Pappas, George J},
  journal={IEEE Robotics \& Automation Magazine},
  volume={14},
  number={1},
  pages={61--70},
  year={2007},
  publisher={IEEE}
}

@inproceedings{ashley2007meld,
  title={Meld: A declarative approach to programming ensembles},
  author={Ashley-Rollman, Michael P and Goldstein, Seth Copen and Lee, Peter and Mowry, Todd C and Pillai, Padmanabhan},
  booktitle={2007 IEEE/RSJ International Conference on Intelligent Robots and Systems},
  pages={2794--2800},
  year={2007},
  organization={IEEE}
}

@inproceedings{dantu2011programming,
  title={Programming micro-aerial vehicle swarms with karma},
  author={Dantu, Karthik and Kate, Bryan and Waterman, Jason and Bailis, Peter and Welsh, Matt},
  booktitle={Proceedings of the 9th ACM Conference on Embedded Networked Sensor Systems},
  pages={121--134},
  year={2011},
  organization={ACM}
}

@inproceedings{mottola2014team,
  title={Team-level programming of drone sensor networks},
  author={Mottola, Luca and Moretta, Mattia and Whitehouse, Kamin and Ghezzi, Carlo},
  booktitle={Proceedings of the 12th ACM Conference on Embedded Network Sensor Systems},
  pages={177--190},
  year={2014},
  organization={ACM}
}

@article{ducatelle2011self,
  title={Self-organized cooperation between robotic swarms},
  author={Ducatelle, Frederick and Di Caro, Gianni A and Pinciroli, Carlo and Gambardella, Luca M},
  journal={Swarm Intelligence},
  volume={5},
  number={2},
  pages={73--96},
  year={2011},
  publisher={Springer}
}

@inproceedings{shah2011improved,
  title={Improved human-robot team performance using chaski, a human-inspired plan execution system},
  author={Shah, Julie and Wiken, James and Williams, Brian and Breazeal, Cynthia},
  booktitle={Proceedings of the 6th international conference on Human-robot interaction},
  pages={29--36},
  year={2011},
  organization={ACM}
}

@article{hinds2004whose,
  title={Whose job is it anyway? A study of human-robot interaction in a collaborative task},
  author={Hinds, Pamela J and Roberts, Teresa L and Jones, Hank},
  journal={Human-Computer Interaction},
  volume={19},
  number={1},
  pages={151--181},
  year={2004},
  publisher={L. Erlbaum Associates Inc.}
}

@book{larochelle2011establishing,
  title={Establishing human situation awareness using a multi-modal operator control unit in an urban search \& rescue human-robot team},
  author={Larochelle, Benoit and Kruijff, Geert-Jan M and Smets, Nanja and Mioch, Tina and Groenewegen, Peter},
  year={2011},
  publisher={IEEE}
}


@article{bruemmer2005shared,
  title={Shared understanding for collaborative control},
  author={Bruemmer, David J and Few, Douglas A and Boring, Ronald L and Marble, Julie L and Walton, Miles C and Nielsen, Curtis W},
  journal={IEEE Transactions on Systems, Man, and Cybernetics-Part A: Systems and Humans},
  volume={35},
  number={4},
  pages={494--504},
  year={2005},
  publisher={IEEE}
}
@inproceedings{lopes2017probabilistic,
  title={Probabilistic supervisory control theory (psct) applied to swarm robotics},
  author={Lopes, Yuri Kaszubowski and Trenkwalder, Stefan M and Leal, Andr{\'e} B and Dodd, Tony J and Gro{\ss}, Roderich},
  booktitle={Proceedings of the 16th Conference on Autonomous Agents and MultiAgent Systems},
  pages={1395--1403},
  year={2017},
  organization={International Foundation for Autonomous Agents and Multiagent Systems}
}

@inproceedings{birattari2016observing,
  title={Observing the effects of overdesign in the automatic design of control software for robot swarms},
  author={Birattari, Mauro and Delhaisse, Brian and Francesca, Gianpiero and Kerdoncuff, Yvon},
  booktitle={International Conference on Swarm Intelligence},
  pages={149--160},
  year={2016},
  organization={Springer}
}

@article{nagavalli2018algorithms,
  title={Algorithms for Timing and Sequencing Behaviors in Robotic Swarms},
  author={Nagavalli, Sasanka},
  year={2018}
}

@article{francesca2015automode,
  title={AutoMoDe-Chocolate: A method for the automatic design of robot swarms that outperforms humans},
  author={Francesca, G and Brambilla, M and Brutschy, A and Garattoni, L and Miletitch, R and Podevijn, G and Reina, A and Soleymani, T and Salvaro, M and Pinciroli, C and others},
  journal={Swarm Intelligence},
  volume={9},
  number={2-3},
  pages={125--152},
  year={2015}
}

@inproceedings{francesca2014experiment,
  title={An experiment in automatic design of robot swarms},
  author={Francesca, Gianpiero and Brambilla, Manuele and Brutschy, Arne and Garattoni, Lorenzo and Miletitch, Roman and Podevijn, Ga{\"e}tan and Reina, Andreagiovanni and Soleymani, Touraj and Salvaro, Mattia and Pinciroli, Carlo and others},
  booktitle={International Conference on Swarm Intelligence},
  pages={25--37},
  year={2014},
  organization={Springer}
}

@article{lopes2016supervisory,
  title={Supervisory control theory applied to swarm robotics},
  author={Lopes, Yuri K and Trenkwalder, Stefan M and Leal, Andr{\'e} B and Dodd, Tony J and Gro{\ss}, Roderich},
  journal={Swarm Intelligence},
  volume={10},
  number={1},
  pages={65--97},
  year={2016},
  publisher={Springer}
}

@inproceedings{pinciroli2016tuple,
  title={A tuple space for data sharing in robot swarms},
  author={Pinciroli, Carlo and Lee-Brown, Adam and Beltrame, Giovanni},
  booktitle={Proceedings of the 9th EAI International Conference on Bio-inspired Information and Communications Technologies (formerly BIONETICS)},
  pages={287--294},
  year={2016},
  organization={ICST (Institute for Computer Sciences, Social-Informatics and Telecommunications Engineering)}
}

@article{yu2012rendezvous,
  title={Rendezvous without coordinates},
  author={Yu, Jingjin and LaValle, Steven M and Liberzon, Daniel},
  journal={IEEE Transactions on Automatic Control},
  volume={57},
  number={2},
  pages={421--434},
  year={2012},
  publisher={IEEE}
}


@article{werfel2014designing,
  title={Designing collective behavior in a termite-inspired robot construction team},
  author={Werfel, Justin and Petersen, Kirstin and Nagpal, Radhika},
  journal={Science},
  volume={343},
  number={6172},
  pages={754--758},
  year={2014},
  publisher={American Association for the Advancement of Science}
}

@inproceedings{viroli2012linda,
  title={Linda in space-time: an adaptive coordination model for mobile ad-hoc environments},
  author={Viroli, Mirko and Pianini, Danilo and Beal, Jacob},
  booktitle={International Conference on Coordination Languages and Models},
  pages={212--229},
  year={2012},
  organization={Springer}
}

@inproceedings{sims1994evolving,
  title={Evolving virtual creatures},
  author={Sims, Karl},
  booktitle={Proceedings of the 21st annual conference on Computer graphics and interactive techniques},
  pages={15--22},
  year={1994},
  organization={ACM}
}

@article{brooks2000artificial,
  title={Artificial life: From robot dreams to reality},
  author={Brooks, Rodney},
  journal={Nature},
  volume={406},
  number={6799},
  pages={945--947},
  year={2000},
  publisher={Nature Publishing Group}
}

@article{lee2004trust,
  title={Trust in automation: Designing for appropriate reliance},
  author={Lee, John D and See, Katrina A},
  journal={Human Factors: The Journal of the Human Factors and Ergonomics Society},
  volume={46},
  number={1},
  pages={50--80},
  year={2004},
  publisher={SAGE Publications}
}

@incollection{mclurkin2013low,
	title={A low-cost multi-robot system for research, teaching, and outreach},
	author={McLurkin, James and Lynch, Andrew J and Rixner, Scott and Barr, Thomas W and Chou, Alvin and Foster, Kathleen and Bilstein, Siegfried},
	booktitle={Distributed Autonomous Robotic Systems},
	pages={597--609},
	year={2013},
	publisher={Springer}
}

@phdthesis{lynch2012multi,
	title={Multi-robot behaviors with bearing-only sensors and scale-free coordinates},
	author={Lynch, Andrew J},
	year={2012},
	school={Rice University}
}

@article{kaber1997out,
  title={Out-of-the-loop performance problems and the use of intermediate levels of automation for improved control system functioning and safety},
  author={Kaber, David B and Endsley, Mica R},
  journal={Process Safety Progress},
  volume={16},
  number={3},
  pages={126--131},
  year={1997},
  publisher={Wiley Online Library}
}

@article{wiener1980flight,
  title={Flight-deck automation: Promises and problems},
  author={Wiener, Earl L and Curry, Renwick E},
  journal={Ergonomics},
  volume={23},
  number={10},
  pages={995--1011},
  year={1980},
  publisher={Taylor \& Francis}
}


@article{turing1952chemical,
  title={The chemical basis of morphogenesis},
  author={Turing, Alan Mathison},
  journal={Philosophical Transactions of the Royal Society of London B: Biological Sciences},
  volume={237},
  number={641},
  pages={37--72},
  year={1952},
  publisher={The Royal Society}
}

@incollection{dijkstra1982self,
  title={Self-stabilization in spite of distributed control},
  author={Dijkstra, Edsger W},
  booktitle={Selected writings on computing: a personal perspective},
  pages={41--46},
  year={1982},
  publisher={Springer}
}

@inproceedings{olsen2003metrics,
  title={Metrics for evaluating human-robot interactions},
  author={Olsen, Dan R and Goodrich, Michael A},
  booktitle={Proceedings of PERMIS},
  volume={2003},
  pages={4},
  year={2003}
}

@article{lewis200617,
  title={Scaling-up Human Control for Large UAV Teams},
  author={Lewis, Michael and Polvichai, Jumpol and Sycara, Katia and Scerri, Paul},
  journal={Human factors of remotely operated vehicles},
  volume={7},
  pages={237--250},
  year={2006}
}

@article{cummings2008predicting,
  title={Predicting controller capacity in supervisory control of multiple UAVs},
  author={Cummings, Mary L and Mitche, Paul J},
  journal={Systems, Man and Cybernetics, Part A: Systems and Humans, IEEE Transactions on},
  volume={38},
  number={2},
  pages={451--460},
  year={2008},
  publisher={IEEE}
}

@article{goodrich2010maximizing,
  title={On maximizing fan-out: Towards controlling multiple unmanned vehicles},
  author={Goodrich, MichaelA},
  journal={Human-robot Interactions in future military operations},
  pages={375--395},
  year={2010},
  publisher={Ashgate Publishing: Farnham, Surrey, UK}
}

@article{dorigo2013swarmanoid,
  title={Swarmanoid: a novel concept for the study of heterogeneous robotic swarms},
  author={Dorigo, Marco and Floreano, Dario and Gambardella, Luca M and Mondada, Francesco and Nolfi, Stefano and Baaboura, Tarek and Birattari, Mauro and Bonani, Michael and Brambilla, Manuele and Brutschy, Arne and others},
  journal={Robotics \& Automation Magazine, IEEE},
  volume={20},
  number={4},
  pages={60--71},
  year={2013},
  publisher={IEEE}
}

@inproceedings{micire2009multi,
  title={Multi-touch interaction for robot control},
  author={Micire, Mark and Drury, Jill L and Keyes, Brenden and Yanco, Holly A},
  booktitle={Proceedings of the 14th international conference on Intelligent user interfaces},
  pages={425--428},
  year={2009},
  organization={ACM}
}

@inproceedings{tammet2008rfid,
  title={RFID-based communications for a self-organising robot swarm},
  author={Tammet, Tanel and Vain, J{\"u}ri and Puusepp, Andres and Reilent, Enar and Kuusik, Alar},
  booktitle={Self-Adaptive and Self-Organizing Systems, 2008. SASO'08. Second IEEE International Conference on},
  pages={45--54},
  year={2008},
  organization={IEEE}
}

@inproceedings{guo2007bio,
  title={Bio-inspired motion planning algorithms for autonomous robots facilitating greater plasticity for security applications},
  author={Guo, Yi and Hohil, Myron and Desai, Sachi V},
  booktitle={Optics/Photonics in Security and Defence},
  pages={673608--673608},
  year={2007},
  organization={International Society for Optics and Photonics}
}

@incollection{levis2005tinyos,
  title={TinyOS: An operating system for sensor networks},
  author={Levis, Philip and Madden, Sam and Polastre, Joseph and Szewczyk, Robert and Whitehouse, Kamin and Woo, Alec and Gay, David and Hill, Jason and Welsh, Matt and Brewer, Eric and others},
  booktitle={Ambient intelligence},
  pages={115--148},
  year={2005},
  publisher={Springer}
}

@inproceedings{colot2004insbot,
  title={Insbot: Design of an autonomous mini mobile robot able to interact with cockroaches},
  author={Colot, Alexandre and Caprari, Gilles and Siegwart, Roland},
  booktitle={Robotics and Automation, 2004. Proceedings. ICRA'04. 2004 IEEE International Conference on},
  volume={3},
  pages={2418--2423},
  year={2004},
  organization={IEEE}
}

@phdthesis{japanese2009multi,
  title={MULTI-TOUCH INTERFACE FOR CONTROLLING MULTIPLE MOBILE ROBOTS},
  author={複数台の移動型ロボットを操作するための},
  year={2009},
  school={University of Tokyo}
}

@inproceedings{ayanian2014controlling,
  title={Controlling a team of robots with a single input},
  author={Ayanian, Nora and Spielberg, Andrew and Arbesfeld, Matthew and Strauss, Jason and Rus, Daniela},
  booktitle={Robotics and Automation (ICRA), 2014 IEEE International Conference on},
  pages={1755--1762},
  year={2014},
  organization={IEEE}
}

@inproceedings{coppin2012controlling,
  title={Controlling Swarms of Unmanned Vehicles through User-Centered Commands},
  author={Coppin, Gilles and Legras, Fran{\c{c}}ois},
  booktitle={2012 AAAI Fall Symposium Series},
  year={2012}
}

@MISC{Micire02analysisof,
    author = {Micire, Mark and Murphy, Robin},
    title = {Analysis of the Robotic-Assisted Search and Rescue Response to the World Trade Center Disaster},
    year = {2002}
}

@article{burkle2011towards,
  title={Towards autonomous micro uav swarms},
  author={B{\"u}rkle, Axel and Segor, Florian and Kollmann, Matthias},
  journal={Journal of intelligent \& robotic systems},
  volume={61},
  number={1-4},
  pages={339--353},
  year={2011},
  publisher={Springer}
}

@article{tsuda2004robust,
  title={Robust and emergent Physarum logical-computing},
  author={Tsuda, Soichiro and Aono, Masashi and Gunji, Yukio-Pegio},
  journal={Biosystems},
  volume={73},
  number={1},
  pages={45--55},
  year={2004},
  publisher={Elsevier}
}

@article{yanco2004beyond,
  title={Beyond usability evaluation: Analysis of human-robot interaction at a major robotics competition},
  author={Yanco, Holly A and Drury, Jill L and Scholtz, Jean},
  journal={Human--Computer Interaction},
  volume={19},
  number={1-2},
  pages={117--149},
  year={2004},
  publisher={Taylor \& Francis}
}

@inproceedings{ricks2004ecological,
  title={Ecological displays for robot interaction: A new perspective},
  author={Ricks, Bob and Nielsen, Curtis W and Goodrich, Michael and others},
  booktitle={Intelligent Robots and Systems, 2004.(IROS 2004). Proceedings. 2004 IEEE/RSJ International Conference on},
  volume={3},
  pages={2855--2860},
  year={2004},
  organization={IEEE}
}

@inproceedings{naghsh2008designing,
  title={Designing user interaction with robots swarms in emergency settings},
  author={Naghsh, Amir M and Roast, Chris R},
  booktitle={Proceedings of the 5th Nordic conference on Human-computer interaction: building bridges},
  pages={519--522},
  year={2008},
  organization={ACM}
}

@article{nielsen2007ecological,
  title={Ecological interfaces for improving mobile robot teleoperation},
  author={Nielsen, Curtis W and Goodrich, Michael and Ricks, Robert W and others},
  journal={Robotics, IEEE Transactions on},
  volume={23},
  number={5},
  pages={927--941},
  year={2007},
  publisher={IEEE}
}

@inproceedings{gancet2010user,
  title={User interfaces for human robot interactions with a swarm of robots in support to firefighters},
  author={Gancet, Jeremi and Motard, Elvina and Naghsh, Amir and Roast, Chris and Arancon, Miguel Munoz and Marques, Lino},
  booktitle={Robotics and Automation (ICRA), 2010 IEEE International Conference on},
  pages={2846--2851},
  year={2010},
  organization={IEEE}
}

@inproceedings{guney2015robotic,
  title={A robotic experimental platform for testing and validating warehouse automation algorithms},
  author={Guney, Mehmet Ali and Raptis, Ioannis A},
  booktitle={Technologies for Practical Robot Applications (TePRA), 2015 IEEE International Conference on},
  pages={1--6},
  year={2015},
  organization={IEEE}
}

@inproceedings{fyler2015distributed,
  title={Distributed object manipulation using a mobile multi-agent system},
  author={Fyler, Dylan and Sullivan, Benjamin and Raptis, Ioannis A},
  booktitle={Technologies for Practical Robot Applications (TePRA), 2015 IEEE International Conference on},
  pages={1--6},
  year={2015},
  organization={IEEE}
}

@inproceedings{sinclair2014distributed,
  title={Distributed manipulation using cyber-physical systems},
  author={Sinclair, Martin and Raptis, Ioannis and others},
  booktitle={Systems, Man and Cybernetics (SMC), 2014 IEEE International Conference on},
  pages={3097--3102},
  year={2014},
  organization={IEEE}
}

@inproceedings{laird2014design,
  title={Design and validation of a centimeter-scale robot collective},
  author={Laird, Damien and Raptis, Ioannis and Price, Jack and others},
  booktitle={Systems, Man and Cybernetics (SMC), 2014 IEEE International Conference on},
  pages={918--923},
  year={2014},
  organization={IEEE}
}

@online{nucleardawn,
	author = {{InterWave Studios}},
	title = {Nuclear Dawn},
	year = 2013,
	url ={https://commons.wikimedia.org/wiki/File:Nuclear_Dawn_-_Oasis_RTS_02.png\#/media/File:Nuclear_Dawn_-_Oasis_RTS_02.png},
	urldate = {2018-10-29}
}

@inproceedings{pickem2017robotarium,
	title={The Robotarium: A remotely accessible swarm robotics research testbed},
	author={Pickem, Daniel and Glotfelter, Paul and Wang, Li and Mote, Mark and Ames, Aaron and Feron, Eric and Egerstedt, Magnus},
	booktitle={Robotics and Automation (ICRA), 2017 IEEE International Conference on},
	pages={1699--1706},
	year={2017},
	organization={IEEE}
}

@inproceedings{sinclair2014implementation,
  title={Implementation of a Large-Scale Actuator Network for Distributed Manipulation},
  author={Sinclair, Martin and Raptis, Ioannis},
  booktitle={ASME 2014 Dynamic Systems and Control Conference},
  pages={V001T14A006--V001T14A006},
  year={2014},
  organization={American Society of Mechanical Engineers}
}

@inproceedings{price2014spider,
  title={Spider Bots: A Low Cost Platform for Testing and Validating Cooperative Control Algorithms},
  author={Price, Jack and Laird, Damien and Raptis, Ioannis},
  booktitle={ASME 2014 Dynamic Systems and Control Conference},
  pages={V001T14A005--V001T14A005},
  year={2014},
  organization={American Society of Mechanical Engineers}
}

@inproceedings{lairdspider,
  title={Spider-Bots: A Low Cost Cooperative Robotics Platform},
  author={Laird, Damien and Price, Jack and Raptis, Ioannis A},
  booktitle={ASEE 2014 Zone 1 Conference},
  year={2014},
  organization={American Society for Engineering Education}
}

@article{kernbach2011swarmrobot,
  title={Swarmrobot. org-open-hardware microrobotic project for large-scale artificial swarms},
  author={Kernbach, Serge},
  journal={arXiv preprint arXiv:1110.5762},
  year={2011}
}

@article{sumpter2003nonlinearity,
  title={From nonlinearity to optimality: pheromone trail foraging by ants},
  author={Sumpter, David JT and Beekman, Madeleine},
  journal={Animal behaviour},
  volume={66},
  number={2},
  pages={273--280},
  year={2003},
  publisher={Elsevier}
}
@article{jeanne1981alarm,
  title={Alarm recruitment, attack behavior, and the role of the alarm pheromone in Polybia occidentalis (Hymenoptera: Vespidae)},
  author={Jeanne, Robert L},
  journal={Behavioral Ecology and Sociobiology},
  volume={9},
  number={2},
  pages={143--148},
  year={1981},
  publisher={Springer}
}

@inproceedings{Olsen:2004:FMH:985692.985722,
 author = {Olsen,Jr., Dan R. and Wood, Stephen Bart},
 title = {Fan-out: Measuring Human Control of Multiple Robots},
 booktitle = {Proceedings of the SIGCHI Conference on Human Factors in Computing Systems},
 series = {CHI '04},
 year = {2004},
 isbn = {1-58113-702-8},
 location = {Vienna, Austria},
 pages = {231--238},
 numpages = {8},
 url = {http://doi.acm.org/10.1145/985692.985722},
 doi = {10.1145/985692.985722},
 acmid = {985722},
 publisher = {ACM},
 address = {New York, NY, USA},
 keywords = {fan-out, human-robot interaction, multiple robots},
} 

@inproceedings{WangSearchScale,
 author = {Wang, Huadong and Lewis, Michael and Velagapudi, Prasanna and Scerri, Paul and Sycara, Katia},
 title = {How Search and Its Subtasks Scale in N Robots},
 booktitle = {Proceedings of the 4th ACM/IEEE International Conference on Human Robot Interaction},
 series = {HRI '09},
 year = {2009},
 isbn = {978-1-60558-404-1},
 location = {La Jolla, California, USA},
 pages = {141--148},
 numpages = {8},
 url = {http://doi.acm.org/10.1145/1514095.1514122},
 doi = {10.1145/1514095.1514122},
 acmid = {1514122},
 publisher = {ACM},
 address = {New York, NY, USA},
 keywords = {evaluation, human-robot interaction, metrics, multi-robot system},
} 

@inproceedings{reynolds1987flocks,
  title={Flocks, herds and schools: A distributed behavioral model},
  author={Reynolds, Craig W},
  booktitle={ACM Siggraph Computer Graphics},
  volume={21},
  number={4},
  pages={25--34},
  year={1987},
  organization={ACM}
}

@inproceedings{zheng2005quantitative,
  title={Quantitative evaluation of GPS performance under forest canopies},
  author={Zheng, Jianyang and Wang, Yinhai and Nihan, Nancy L},
  booktitle={Networking, Sensing and Control, 2005. Proceedings. 2005 IEEE},
  pages={777--782},
  year={2005},
  organization={IEEE}
}

@inproceedings{koskinen2008hands,
	title={Hands-on the process control: users preferences and associations on hand movements},
	author={Koskinen, Hanna Maria Kaarina and Laarni, Jari Olavi and Honkamaa, Petri Mikael},
	booktitle={CHI'08 extended abstracts on human factors in computing systems},
	pages={3063--3068},
	year={2008},
	organization={ACM}
}

@inproceedings{KNP11,
	author={M. Kwiatkowska and G. Norman and D. Parker},
	title={{PRISM} 4.0: Verification of Probabilistic Real-time Systems},
	booktitle={Proc. 23rd International Conference on Computer Aided Verification (CAV'11)},
	year={2011},
	
	editor={G. Gopalakrishnan and S. Qadeer},
	pages={585--591},
	organization={},
	publisher={Springer},
	series={LNCS},
	volume={6806},
	address={},
	month={},
	note={},
	key={}
}

@inproceedings{epps2006study,
	title={A study of hand shape use in tabletop gesture interaction},
	author={Epps, Julien and Lichman, Serge and Wu, Mike},
	booktitle={CHI'06 extended abstracts on human factors in computing systems},
	pages={748--753},
	year={2006},
	organization={ACM}
}

@article{francesca2014automode,
	title={AutoMoDe: A novel approach to the automatic design of control software for robot swarms},
	author={Francesca, Gianpiero and Brambilla, Manuele and Brutschy, Arne and Trianni, Vito and Birattari, Mauro},
	journal={Swarm Intelligence},
	volume={8},
	number={2},
	pages={89--112},
	year={2014},
	publisher={Springer}
}


@phdthesis{micire2010multi,
  title={MULTI-TOUCH INTERACTION FOR ROBOT COMMAND AND CONTROL},
  author={Micire, Mark John},
  year={2010},
  school={Citeseer}
}


@inproceedings{Micire:2009:ANG:1731903.1731912,
	author = {Micire, Mark and Desai, Munjal and Courtemanche, Amanda and Tsui, Katherine M. and Yanco, Holly A.},
	title = {Analysis of Natural Gestures for Controlling Robot Teams on Multi-touch Tabletop Surfaces},
	booktitle = {Proceedings of the ACM International Conference on Interactive Tabletops and Surfaces},
	series = {ITS '09},
	year = {2009},
	isbn = {978-1-60558-733-2},
	location = {Banff, Alberta, Canada},
	pages = {41--48},
	numpages = {8},
	url = {http://doi.acm.org/10.1145/1731903.1731912},
	doi = {10.1145/1731903.1731912},
	acmid = {1731912},
	publisher = {ACM},
	address = {New York, NY, USA},
	keywords = {gestures, human-computer interaction, human-robot interaction, multi-touch, robot control, tabletop interface},
} 

@inproceedings{farrow2014miniature,
  title={Miniature six-channel range and bearing system: algorithm, analysis and experimental validation},
  author={Farrow, Nicholas and Klingner, John and Reishus, Dustin and Correll, Nikolaus},
  booktitle={Robotics and Automation (ICRA), 2014 IEEE International Conference on},
  pages={6180--6185},
  year={2014},
  organization={IEEE}
}


@article{arvin2009development,
  title={Development of a miniature robot for swarm robotic application},
  author={Arvin, Farshad and Samsudin, Khairulmizam and Ramli, Abdul Rahman},
  journal={sensors},
  volume={1793},
  pages={8163},
  year={2009}
}

@article{parker1998alliance,
  title={ALLIANCE: An architecture for fault tolerant multirobot cooperation},
  author={Parker, Lynne E},
  journal={Robotics and Automation, IEEE Transactions on},
  volume={14},
  number={2},
  pages={220--240},
  year={1998},
  publisher={IEEE}
}

@phdthesis{nagpal2001programmable,
  title={Programmable self-assembly: constructing global shape using biologically-inspired local interactions and origami mathematics},
  author={Nagpal, Radhika},
  year={2001},
  school={Massachusetts Institute of Technology}
}

@article{file_drawer_prob_10.2307/2684823,
 ISSN = {00031305},
 URL = {http://www.jstor.org/stable/2684823},
 abstract = {This article presents evidence that published results of scientific investigations are not a representative sample of results of all scientific studies. Research studies from 11 major journals demonstrate the existence of biases that favor studies that observe effects that, on statistical evaluation, have a low probability of erroneously rejecting the so-called null hypothesis (H0). This practice makes the probability of erroneously rejecting H0 different for the reader than for the investigator. It introduces two biases in the interpretation of the scientific literature: one due to multiple repetition of studies with false hypothesis, and one due to failure to publish smaller and less significant outcomes of tests of a true hypotheses. These practices distort the results of literature surveys and of meta-analyses. These results also indicate that practice leading to publication bias have not changed over a period of 30 years},
 author = {T. D. Sterling and W. L. Rosenbaum and J. J. Weinkam},
 journal = {The American Statistician},
 number = {1},
 pages = {108--112},
 publisher = {[American Statistical Association, Taylor & Francis, Ltd.]},
 title = {Publication Decisions Revisited: The Effect of the Outcome of Statistical Tests on the Decision to Publish and Vice Versa},
 volume = {49},
 year = {1995}
}

@inproceedings{pelrine2012diamagnetically,
  title={Diamagnetically levitated robots: An approach to massively parallel robotic systems with unusual motion properties},
  author={Pelrine, Ron and Wong-Foy, Annjoe and McCoy, Brian and Holeman, Dennis and Mahoney, Rich and Myers, Greg and Herson, Jim and Low, Tony},
  booktitle={Robotics and Automation (ICRA), 2012 IEEE International Conference on},
  pages={739--744},
  year={2012},
  organization={IEEE}
}

@inproceedings{floyd2008untethered,
  title={An untethered magnetically actuated micro-robot capable of motion on arbitrary surfaces},
  author={Floyd, Steven and Pawashe, Chytra and Sitti, Metin},
  booktitle={Robotics and Automation, 2008. ICRA 2008. IEEE International Conference on},
  pages={419--424},
  year={2008},
  organization={IEEE}
}

@inproceedings{pickem2015gritsbot,
	title={The GRITSBot in its natural habitat-a multi-robot testbed},
	author={Pickem, Daniel and Lee, Myron and Egerstedt, Magnus},
	booktitle={Robotics and Automation (ICRA), 2015 IEEE International Conference on},
	pages={4062--4067},
	year={2015},
	organization={IEEE}
}

@article{penders2011robot,
	title={A robot swarm assisting a human fire-fighter},
	author={Penders, Jacques and Alboul, Lyuba and Witkowski, Ulf and Naghsh, Amir and Saez-Pons, Joan and Herbrechtsmeier, Stefan and El-Habbal, Mohamed},
	journal={Advanced Robotics},
	volume={25},
	number={1-2},
	pages={93--117},
	year={2011},
	publisher={Taylor \& Francis}
}

@online{DOTAControls,
	author = {{Gamepedia}},
	title = {DoTA Controls},
	year = 2018,
	url = {https://dota2.gamepedia.com/Controls},
	urldate = {2018-5-16}
}


@online{AOEControls, 
	author = {{Age of Empires Wiki}},
	title = {Age of Empires List of Hotkeys},
	year = 2018,
	url = {http://ageofempiresonline.wikia.com/wiki/List_of_Hotkeys},
	urldate = {2018-6-26}
}

@online{EUControls, 
	author = {{Europa Universalis IV Wiki}},
	title = {Europa Universalis Keyboard Shortcuts},
	year = 2017,
	url = {https://eu4.paradoxwikis.com/Controls},
	urldate = {2017-13-13}
}

@online{PerdixFactsheet,
	author = {{Strategic Capabilities Office}},
	title = {Perdix Fact Sheet},
	year = 2015,
	url = {https://www.defense.gov/Portals/1/Documents/pubs/Perdix\%20Fact\%20Sheet.pdf},
	urldate = {2018-6-24}
}

@inproceedings{taylor2009bug,
	title={I-Bug: An intensity-based bug algorithm},
	author={Taylor, Kamilah and LaValle, Steven M},
	booktitle={Robotics and Automation, 2009. ICRA'09. IEEE International Conference on},
	pages={3981--3986},
	year={2009},
	organization={IEEE}
}

@article{ng2007performance,
	title={Performance comparison of bug navigation algorithms},
	author={Ng, James and Br{\"a}unl, Thomas},
	journal={Journal of Intelligent and Robotic Systems},
	volume={50},
	number={1},
	pages={73--84},
	year={2007},
	publisher={Springer}
}

@inproceedings{Dietz:2017:HPS:3027063.3053220,
	author = {Dietz, Griffin and E, Jane L. and Washington, Peter and Kim, Lawrence H. and Follmer, Sean},
	title = {Human Perception of Swarm Robot Motion},
	booktitle = {Proceedings of the 2017 CHI Conference Extended Abstracts on Human Factors in Computing Systems},
	series = {CHI EA '17},
	year = {2017},
	isbn = {978-1-4503-4656-6},
	location = {Denver, Colorado, USA},
	pages = {2520--2527},
	numpages = {8},
	url = {http://doi.acm.org/10.1145/3027063.3053220},
	doi = {10.1145/3027063.3053220},
	acmid = {3053220},
	publisher = {ACM},
	address = {New York, NY, USA},
	keywords = {affect, human-robot interaction (hri), perception, robot swarms, swarm user interfaces, tangible user interfaces},
} 

@article{beetz2010generality,
	title={Generality and legibility in mobile manipulation},
	author={Beetz, Michael and Stulp, Freek and Esden-Tempski, Piotr and Fedrizzi, Andreas and Klank, Ulrich and Kresse, Ingo and Maldonado, Alexis and Ruiz, Federico},
	journal={Autonomous Robots},
	volume={28},
	number={1},
	pages={21},
	year={2010},
	publisher={Springer}
}

@article{kruse2013human,
	title={Human-aware robot navigation: A survey},
	author={Kruse, Thibault and Pandey, Amit Kumar and Alami, Rachid and Kirsch, Alexandra},
	journal={Robotics and Autonomous Systems},
	volume={61},
	number={12},
	pages={1726--1743},
	year={2013},
	publisher={Elsevier}
}

@inproceedings{dragan2015effects,
	title={Effects of robot motion on human-robot collaboration},
	author={Dragan, Anca D and Bauman, Shira and Forlizzi, Jodi and Srinivasa, Siddhartha S},
	booktitle={Proceedings of the Tenth Annual ACM/IEEE International Conference on Human-Robot Interaction},
	pages={51--58},
	year={2015},
	organization={ACM}
}

@article{tobaruela2017reactive,
	title={Reactive navigation in extremely dense and highly intricate environments},
	author={Tobaruela, Javier Antich and Rodr{\'\i}guez, Alberto Ortiz},
	journal={PloS one},
	volume={12},
	number={12},
	pages={e0189008},
	year={2017},
	publisher={Public Library of Science}
}


@article{lumelsky1987path,
	title={Path-planning strategies for a point mobile automaton moving amidst unknown obstacles of arbitrary shape},
	author={Lumelsky, Vladimir J and Stepanov, Alexander A},
	journal={Algorithmica},
	volume={2},
	number={1-4},
	pages={403--430},
	year={1987},
	publisher={Springer}
}

@inproceedings{yufka2009performance,
	title={Performance Comparison of the BUG’s Algorithms for Mobile Robots},
	author={Yufka, Alpaslan and Parlaktuna, Osman},
	booktitle={International Symposium on INnovations in Intelligent Systems and Applications (INISTA'09)},
	pages={416--421},
	year={2009}
}


@online{PickemGrits2014,
	author = {Daniel Pickem},
	title = {The GRITSBot},
	year = 2014,
	url = {http://gritslab.gatech.edu/home/2014/11/the-gritsbot/},
	urldate = {2014-11-11}
}

@article{rubenstein2014kilobot,
	title={Kilobot: A low cost robot with scalable operations designed for collective behaviors},
	author={Rubenstein, Michael and Ahler, Christian and Hoff, Nick and Cabrera, Adrian and Nagpal, Radhika},
	journal={Robotics and Autonomous Systems},
	volume={62},
	number={7},
	pages={966--975},
	year={2014},
	publisher={Elsevier}
}

@article{quinn2003evolving,
  title={Evolving controllers for a homogeneous system of physical robots: Structured cooperation with minimal sensors},
  author={Quinn, Matt and Smith, Lincoln and Mayley, Giles and Husbands, Phil},
  journal={Philosophical Transactions of the Royal Society of London A: Mathematical, Physical and Engineering Sciences},
  volume={361},
  number={1811},
  pages={2321--2343},
  year={2003},
  publisher={The Royal Society}
}

@article{winfield2008modelling,
  title={Modelling a wireless connected swarm of mobile robots},
  author={Winfield, Alan FT and Liu, Wenguo and Nembrini, Julien and Martinoli, Alcherio},
  journal={Swarm Intelligence},
  volume={2},
  number={2},
  pages={241--266},
  year={2008},
  publisher={Springer}
}

@article{baldassarre2003evolving,
  title={Evolving mobile robots able to display collective behaviors},
  author={Baldassarre, Gianluca and Nolfi, Stefano and Parisi, Domenico},
  journal={Artificial life},
  volume={9},
  number={3},
  pages={255--267},
  year={2003},
  publisher={MIT Press}
}

@article{cheah2009region,
  title={Region-based shape control for a swarm of robots},
  author={Cheah, Chien Chern and Hou, Saing Paul and Slotine, Jean Jacques E},
  journal={Automatica},
  volume={45},
  number={10},
  pages={2406--2411},
  year={2009},
  publisher={Elsevier}
}

@article{gazi2004class,
  title={A class of attractions/repulsion functions for stable swarm aggregations},
  author={Gazi, Veysel and Passino, Kevin M},
  journal={International Journal of Control},
  volume={77},
  number={18},
  pages={1567--1579},
  year={2004},
  publisher={Taylor \& Francis}
}

@article{lee2008geometric,
  title={A geometric approach to deploying robot swarms},
  author={Lee, Geunho and Chong, Nak Young},
  journal={Annals of Mathematics and Artificial Intelligence},
  volume={52},
  number={2},
  pages={257--280},
  year={2008},
  publisher={Springer}
}

@inproceedings{lei2015consensus,
  title={Consensus algorithm with input constraints for swarm robots formation control},
  author={Lei, Bin and Chen, Hao and Zeng, Liangcai and Gao, Quanjie},
  booktitle={Networking, Sensing and Control (ICNSC), 2015 IEEE 12th International Conference on},
  pages={157--162},
  year={2015},
  organization={IEEE}
}

@article{hou2012dynamic,
  title={Dynamic compound shape control of robot swarm},
  author={Hou, SP and Cheah, Chien Chern},
  journal={IET control theory \& applications},
  volume={6},
  number={3},
  pages={454--460},
  year={2012},
  publisher={IET}
}

@article{sperati2011self,
  title={Self-organised path formation in a swarm of robots},
  author={Sperati, Valerio and Trianni, Vito and Nolfi, Stefano},
  journal={Swarm Intelligence},
  volume={5},
  number={2},
  pages={97--119},
  year={2011},
  publisher={Springer New York}
}


@article{vail2003multi,
  title={Multi-robot dynamic role assignment and coordination through shared potential fields},
  author={Vail, Douglas and Veloso, Manuela},
  journal={Multi-robot systems},
  pages={87--98},
  year={2003},
  publisher={Kluwer: Hingham, MA}
}

@inproceedings{spears1999using,
  title={Using artificial physics to control agents},
  author={Spears, William M and Gordon, Diana F},
  booktitle={Information Intelligence and Systems, 1999. Proceedings. 1999 International Conference on},
  pages={281--288},
  year={1999},
  organization={IEEE}
}


@inproceedings{ducatelle2011communication,
  title={Communication assisted navigation in robotic swarms: self-organization and cooperation},
  author={Ducatelle, Frederick and Di Caro, Gianni A and Pinciroli, Carlo and Mondada, Francesco and Gambardella, Luca},
  booktitle={Intelligent Robots and Systems (IROS), 2011 IEEE/RSJ International Conference on},
  pages={4981--4988},
  year={2011},
  organization={IEEE}
}


@article{maxim2009robotic,
  title={Robotic chain formations},
  author={Maxim, Paul M and Spears, William M and Spears, Diana F},
  journal={IFAC Proceedings Volumes},
  volume={42},
  number={22},
  pages={19--24},
  year={2009},
  publisher={Elsevier}
}

@article{spears2006physics,
  title={Physics-based robot swarms for coverage problems},
  author={Spears, Diana and Kerr, Wesley and Spears, William},
  journal={International Journal on Intelligent Control and Systems},
  volume={11},
  number={3},
  pages={11--23},
  year={2006}
}

@inproceedings{spears2004overview,
  title={An overview of physicomimetics},
  author={Spears, William M and Spears, Diana F and Heil, Rodney and Kerr, Wesley and Hettiarachchi, Suranga},
  booktitle={International Workshop on Swarm Robotics},
  pages={84--97},
  year={2004},
  organization={Springer}
}

@inproceedings{soysal2005probabilistic,
  title={Probabilistic aggregation strategies in swarm robotic systems},
  author={Soysal, Onur and Sahin, Erol},
  booktitle={Swarm Intelligence Symposium, 2005. SIS 2005. Proceedings 2005 IEEE},
  pages={325--332},
  year={2005},
  organization={IEEE}
}

@article{mamei2004experiments,
  title={Experiments of morphogenesis in swarms of simple mobile robots},
  author={Mamei, Marco and Vasirani, Matteo and Zambonelli, Franco},
  journal={Applied Artificial Intelligence},
  volume={18},
  number={9-10},
  pages={903--919},
  year={2004},
  publisher={Taylor \& Francis}
}

@article{roli2011design,
  title={On the design of Boolean network robots},
  author={Roli, Andrea and Manfroni, Mattia and Pinciroli, Carlo and Birattari, Mauro},
  journal={Applications of Evolutionary Computation},
  pages={43--52},
  year={2011},
  publisher={Springer}
}


@article{nouyan2008path,
  title={Path formation in a robot swarm},
  author={Nouyan, Shervin and Campo, Alexandre and Dorigo, Marco},
  journal={Swarm Intelligence},
  volume={2},
  number={1},
  pages={1--23},
  year={2008},
  publisher={Springer}
}
@article{sugihara1996distributed,
  title={Distributed algorithms for formation of geometric patterns with many mobile robots},
  author={Sugihara, Kazuo and Suzuki, Ichiro},
  journal={Journal of Field Robotics},
  volume={13},
  number={3},
  pages={127--139},
  year={1996},
  publisher={Wiley Online Library}
}

@inproceedings{fehervari2013evolution,
  title={Evolution as a tool to design self-organizing systems},
  author={Feh{\'e}rv{\'a}ri, Istv{\'a}n and Elmenreich, Wilfried},
  booktitle={International Workshop on Self-Organizing Systems},
  pages={139--144},
  year={2013},
  organization={Springer}
}

@incollection{quinn2001evolving,
  title={Evolving communication without dedicated communication channels},
  author={Quinn, Matt},
  booktitle={Advances in Artificial Life},
  pages={357--366},
  year={2001},
  publisher={Springer}
}

@article{ray1991approach,
  title={An approach to the synthesis of life},
  author={Ray, Thomas S},
  year={1991},
  publisher={Addison-Wesley}
}

@inproceedings{quinn2001comparison,
  title={A comparison of approaches to the evolution of homogeneous multi-robot teams},
  author={Quinn, Matt},
  booktitle={Evolutionary Computation, 2001. Proceedings of the 2001 Congress on},
  volume={1},
  pages={128--135},
  year={2001},
  organization={IEEE}
}

@incollection{seyfried2005swarm,
	title={The I-SWARM project: Intelligent small world autonomous robots for micro-manipulation},
	author={Seyfried, J{\"o}rg and Szymanski, Marc and Bender, Natalie and Estana, Ramon and Thiel, Michael and W{\"o}rn, Heinz},
	booktitle={Swarm Robotics},
	pages={70--83},
	year={2005},
	publisher={Springer}
}

@article{PinciroliLB15,
  author    = {Carlo Pinciroli and
               Adam Lee{-}Brown and
               Giovanni Beltrame},
  title     = {Buzz: An Extensible Programming Language for Self-Organizing Heterogeneous
               Robot Swarms},
  journal   = {CoRR},
  volume    = {abs/1507.05946},
  year      = {2015},
  url       = {http://arxiv.org/abs/1507.05946},
  timestamp = {Wed, 07 Jun 2017 14:40:14 +0200},
  biburl    = {http://dblp.uni-trier.de/rec/bib/journals/corr/PinciroliLB15},
  bibsource = {dblp computer science bibliography, http://dblp.org}
}

@inproceedings{mclurkin2006speaking,
	title={Speaking Swarmish: Human-Robot Interface Design for Large Swarms of Autonomous Mobile Robots.},
	author={McLurkin, James and Smith, Jennifer and Frankel, James and Sotkowitz, David and Blau, David and Schmidt, Brian},
	booktitle={AAAI Spring Symposium: To Boldly Go Where No Human-Robot Team Has Gone Before},
	pages={72--75},
	year={2006}
}

@inproceedings{bonani2010marxbot,
	title={The MarXbot, a miniature mobile robot opening new perspectives for the collective-robotic research},
	author={Bonani, Michael and Longchamp, Valentin and Magnenat, St{\'e}phane and R{\'e}tornaz, Philippe and Burnier, Daniel and Roulet, Gilles and Vaussard, Florian and Bleuler, Hannes and Mondada, Francesco},
	booktitle={Intelligent Robots and Systems (IROS), 2010 IEEE/RSJ International Conference on},
	pages={4187--4193},
	year={2010},
	organization={IEEE}
}

@inproceedings{correll2009ad,
  title={Ad-hoc wireless network coverage with networked robots that cannot localize},
  author={Correll, Nikolaus and Bachrach, Jonathan and Vickery, Daniel and Rus, Daniela},
  booktitle={Robotics and Automation, 2009. ICRA'09. IEEE International Conference on},
  pages={3878--3885},
  year={2009},
  organization={IEEE}
}

@inproceedings{hoff2010two,
  title={Two foraging algorithms for robot swarms using only local communication},
  author={Hoff, Nicholas R and Sagoff, Amelia and Wood, Robert J and Nagpal, Radhika},
  booktitle={Robotics and Biomimetics (ROBIO), 2010 IEEE International Conference on},
  pages={123--130},
  year={2010},
  organization={IEEE}
}


@phdthesis{coore1922botanical,
  title={Botanical computing: a developmental approach to generating interconnect topologies on an amorphous computer},
  author={Coore, Daniel N},
  year={1922},
  school={Massachusetts Institute of Technology}
}

@article{kolling2016human,
  title={Human interaction with robot swarms: A survey},
  author={Kolling, Andreas and Walker, Phillip and Chakraborty, Nilanjan and Sycara, Katia and Lewis, Michael},
  journal={IEEE Transactions on Human-Machine Systems},
  volume={46},
  number={1},
  pages={9--26},
  year={2016},
  publisher={IEEE}
}


@inproceedings{bashyal2008human,
  title={Human swarm interaction for radiation source search and localization},
  author={Bashyal, Shishir and Venayagamoorthy, Ganesh Kumar},
  booktitle={Swarm Intelligence Symposium, 2008. SIS 2008. IEEE},
  pages={1--8},
  year={2008},
  organization={IEEE}
}


@article{chen2015occlusion,
  title={Occlusion-based cooperative transport with a swarm of miniature mobile robots},
  author={Chen, Jianing and Gauci, Melvin and Li, Wei and Kolling, Andreas and Gros, Roderich},
  journal={Robotics, IEEE Transactions on},
  volume={31},
  number={2},
  pages={307--321},
  year={2015},
  publisher={IEEE}
}

@article{beal2006infrastructure,
  title={Infrastructure for engineered emergence on sensor/actuator networks},
  author={Beal, Jacob and Bachrach, Jonathan},
  journal={Intelligent Systems, IEEE},
  volume={21},
  number={2},
  pages={10--19},
  year={2006},
  publisher={IEEE}
}

@inproceedings{daily2003world,
	title={World embedded interfaces for human-robot interaction},
	author={Daily, Mike and Cho, Youngkwan and Martin, Kevin and Payton, Dave},
	booktitle={System Sciences, 2003. Proceedings of the 36th Annual Hawaii International Conference on},
	pages={6--pp},
	year={2003},
	organization={IEEE}
}

@inproceedings{caprari1998autonomous,
	title={The autonomous micro robot “alice”: a platform for scientific and commercial applications},
	author={Caprari, Gilles and Balmer, Patrick and Piguet, Ralph and Siegwart, Roland},
	booktitle={Micromechatronics and Human Science, 1998. MHS'98. Proceedings of the 1998 International Symposium on},
	pages={231--235},
	year={1998},
	organization={IEEE}
}

@inproceedings{haverinen2005miniature,
	title={A miniature mobile robot with a color stereo camera system for swarm robotics research},
	author={Haverinen, Janne and Parpala, Mikko and Roning, J},
	booktitle={Robotics and Automation, 2005. ICRA 2005. Proceedings of the 2005 IEEE International Conference on},
	pages={2483--2486},
	year={2005},
	organization={IEEE}
}

@article{chen2011supervisory,
	title={Supervisory control of multiple robots: Human-performance issues and user-interface design},
	author={Chen, Jessie YC and Barnes, Michael J and Harper-Sciarini, Michelle},
	journal={Systems, Man, and Cybernetics, Part C: Applications and Reviews, IEEE Transactions on},
	volume={41},
	number={4},
	pages={435--454},
	year={2011},
	publisher={IEEE}
}

@inproceedings{harriott2014biologically,
	title={Biologically-Inspired Human-Swarm Interaction Metrics},
	author={Harriott, Caroline E and Seiffert, Adriane E and Hayes, Sean T and Adams, Julie A},
	booktitle={Proceedings of the Human Factors and Ergonomics Society Annual Meeting},
	volume={58},
	pages={1471--1475},
	year={2014},
	organization={SAGE Publications}
}

@inproceedings{manning2015heuristic,
	title={Heuristic Evaluation of Swarm Metrics' Effectiveness},
	author={Manning, Matthew D and Harriott, Caroline E and Hayes, Sean T and Adams, Julie A and Seiffert, Adriane E},
	booktitle={Proceedings of the Tenth Annual ACM/IEEE International Conference on Human-Robot Interaction Extended Abstracts},
	pages={17--18},
	year={2015},
	organization={ACM}
}

@inproceedings{hayes2010multi,
	title={Multi-touch interaction for tasking robots},
	author={Hayes, Sean Timothy and Hooten, Eli R and Adams, Julie A},
	booktitle={Proceedings of the 5th ACM/IEEE international conference on Human-robot interaction},
	pages={97--98},
	year={2010},
	organization={IEEE Press}
}

@inproceedings{jantz1997kinetics,
	title={Kinetics of robotics: The development of universal metrics in robotic swarms},
	author={Jantz, S and Doty, K and Bagnell, J and Zapata, I},
	booktitle={Florida Conference on Recent Advances in Robotics},
	year={1997},
	organization={Citeseer}
}

@article{vicente2002ecological,
	title={Ecological interface design: Progress and challenges},
	author={Vicente, Kim J},
	journal={Human Factors: The Journal of the Human Factors and Ergonomics Society},
	volume={44},
	number={1},
	pages={62--78},
	year={2002},
	publisher={Sage Publications}
}

@article{vicente1992ecological,
	title={Ecological interface design: Theoretical foundations},
	author={Vicente, Kim J and Rasmussen, Jens},
	journal={Systems, Man and Cybernetics, IEEE Transactions on},
	volume={22},
	number={4},
	pages={589--606},
	year={1992},
	publisher={IEEE}
}

@inproceedings{mondada2009puck,
  title={The e-puck, a robot designed for education in engineering},
  author={Mondada, Francesco and Bonani, Michael and Raemy, Xavier and Pugh, James and Cianci, Christopher and Klaptocz, Adam and Magnenat, Stephane and Zufferey, Jean-Christophe and Floreano, Dario and Martinoli, Alcherio},
  booktitle={Proceedings of the 9th conference on autonomous robot systems and competitions},
  volume={1},
  number={LIS-CONF-2009-004},
  pages={59--65},
  year={2009},
  organization={IPCB: Instituto Polit{\'e}cnico de Castelo Branco}
}


@article{evans2000programming,
	title={Programming the Swarm},
	author={Evans, David},
	journal={University of Virginia},
	year={2000}
}

@inproceedings{bachrach2007continuous,
	title={Continuous space-time semantics allow adaptive program execution},
	author={Bachrach, Jonathan and Beal, Jacob and Fujiwara, Takeshi},
	booktitle={Self-Adaptive and Self-Organizing Systems, 2007. SASO'07. First International Conference on},
	pages={315--319},
	year={2007},
	organization={IEEE}
}

@article{mason2003programming,
	title={Programming with stigmergy: using swarms for construction},
	author={Mason, Zachary},
	journal={Proceedings of Artificial Life},
	volume={8},
	pages={371--374},
	year={2003}
}

@article{nicola2014formal,
	title={A formal approach to autonomic systems programming: The SCEL Language},
	author={Nicola, Rocco De and Loreti, Michele and Pugliese, Rosario and Tiezzi, Francesco},
	journal={ACM Transactions on Autonomous and Adaptive Systems (TAAS)},
	volume={9},
	number={2},
	pages={7},
	year={2014},
	publisher={ACM}
}

@inproceedings{wang2015multi,
  title={Multi-robot manipulation with no communication using only local measurements},
  author={Wang, Zijian and Schwager, Mac},
  booktitle={Decision and Control (CDC), 2015 IEEE 54th Annual Conference on},
  pages={380--385},
  year={2015},
  organization={IEEE}
}

@inproceedings{magnenat2008scripting,
	title={Scripting the swarm: event-based control of microcontroller-based robots.},
	author={Magnenat, St{\'e}phane and R{\'e}tornaz, Philippe and Noris, Basilio and Mondada, Francesco},
	booktitle={SIMPAR 2008 Workshop Proceedings},
	year={2008}
}

@inproceedings{revzen2011structure,
	title={Structure synthesis on-the-fly in a modular robot},
	author={Revzen, Shai and Bhoite, Mohit and Macasieb, Antonio and Yim, Mark},
	booktitle={Intelligent Robots and Systems (IROS), 2011 IEEE/RSJ International Conference on},
	pages={4797--4802},
	year={2011},
	organization={IEEE}
}
@article{belta2007symbolic,
  title={Symbolic planning and control of robot motion [grand challenges of robotics]},
  author={Belta, Calin and Bicchi, Antonio and Egerstedt, Magnus and Frazzoli, Emilio and Klavins, Eric and Pappas, George J},
  journal={IEEE Robotics \& Automation Magazine},
  volume={14},
  number={1},
  pages={61--70},
  year={2007},
  publisher={IEEE}
}

@inproceedings{jing2016end,
  title={An End-To-End System for Accomplishing Tasks with Modular Robots.},
  author={Jing, Gangyuan and Tosun, Tarik and Yim, Mark and Kress-Gazit, Hadas},
  booktitle={Robotics: Science and Systems},
  year={2016}
}

@incollection{mehta2018robot,
  title={Robot creation from functional specifications},
  author={Mehta, Ankur M and DelPreto, Joseph and Wong, Kai Weng and Hamill, Scott and Kress-Gazit, Hadas and Rus, Daniela},
  booktitle={Robotics Research},
  pages={631--648},
  year={2018},
  publisher={Springer}
}

@article{alonso2018reactive,
  title={Reactive mission and motion planning with deadlock resolution avoiding dynamic obstacles},
  author={Alonso-Mora, Javier and DeCastro, Jonathan A and Raman, Vasumathi and Rus, Daniela and Kress-Gazit, Hadas},
  journal={Autonomous Robots},
  volume={42},
  number={4},
  pages={801--824},
  year={2018},
  publisher={Springer}
}


@article{daudelin2017integrated,
  title={An integrated system for perception-driven autonomy with modular robots},
  author={Daudelin, Jonathan and Jing, Gangyuan and Tosun, Tarik and Yim, Mark and Kress-Gazit, Hadas and Campbell, Mark},
  journal={arXiv preprint arXiv:1709.05435},
  year={2017}
}


@inproceedings{klavins2002automatic,
  title={Automatic synthesis of controllers for distributed assembly and formation forming},
  author={Klavins, Eric},
  booktitle={Robotics and Automation, 2002. Proceedings. ICRA'02. IEEE International Conference on},
  volume={3},
  pages={3296--3302},
  year={2002},
  organization={IEEE}
}

@article{arvin2015colias,
  title={Colias-$\Phi$: An Autonomous Micro Robot for Artificial Pheromone Communication},
  author={Arvin, Farshad and Yue, Shigang and Xiong, Caihua},
  year={2015}
}

@article{arvin2014colias,
author = {Farshad Arvin and John Murray and Chun Zhang and Shigang Yue},
title ={Colias: An Autonomous Micro Robot for Swarm Robotic Applications},
journal = {International Journal of Advanced Robotic Systems},
volume = {11},
number = {7},
pages = {113},
year = {2014},
doi = {10.5772/58730},

URL = { 
        https://doi.org/10.5772/58730
    
},
eprint = { 
        https://doi.org/10.5772/58730
    
}
,
    abstract = { Robotic swarms that take inspiration from nature are becoming a fascinating topic for multi-robot researchers. The aim is to control a large number of simple robots in order to solve common complex tasks. Due to the hardware complexities and cost of robot platforms, current research in swarm robotics is mostly performed by simulation software. The simulation of large numbers of these robots in robotic swarm applications is extremely complex and often inaccurate due to the poor modelling of external conditions. In this paper, we present the design of a low-cost, open-platform, autonomous micro-robot (Colias) for robotic swarm applications. Colias employs a circular platform with a diameter of 4 cm. It has a maximum speed of 35 cm/s which enables it to be used in swarm scenarios very quickly over large arenas. Long-range infrared modules with an adjustable output power allow the robot to communicate with its direct neighbours at a range of 0.5 cm to 2 m. Colias has been designed as a complete platform with supporting software development tools for robotics education and research. It has been tested in both individual and swarm scenarios, and the observed results demonstrate its feasibility for use as a micro-sized mobile robot and as a low-cost platform for robot swarm applications. }
}



@inproceedings{wawerla2002collective,
	title={Collective construction with multiple robots},
	author={Wawerla, Jens and Sukhatme, Gaurav S and Mataric, Maja J},
	booktitle={Intelligent Robots and Systems, 2002. IEEE/RSJ International Conference on},
	volume={3},
	pages={2696--2701},
	year={2002},
	organization={IEEE}
}

@inproceedings{palmer2005emergence,
	title={Emergence-oriented programming},
	author={Palmer, Daniel W and Kirschenbaum, Marc and Seiter, Linda},
	booktitle={Systems, Man and Cybernetics, 2005 IEEE International Conference on},
	volume={2},
	pages={1441--1448},
	year={2005},
	organization={IEEE}
}

@inproceedings{servat2002combining,
	title={Combining amorphous computing and reactive agent-based systems: a paradigm for pervasive intelligence?},
	author={Servat, David and Drogoul, Alexis},
	booktitle={Proceedings of the first international joint conference on Autonomous agents and multiagent systems: part 1},
	pages={441--448},
	year={2002},
	organization={ACM}
}

@inproceedings{stubbs2008using,
	title={Using a robot proxy to create common ground in exploration tasks},
	author={Stubbs, Kristen and Wettergreen, David and Nourbakhsh, Illah},
	booktitle={Human-Robot Interaction (HRI), 2008 3rd ACM/IEEE International Conference on},
	pages={375--382},
	year={2008},
	organization={IEEE}
}

@article{parasuraman2000model,
	title={A model for types and levels of human interaction with automation},
	author={Parasuraman, Raja and Sheridan, Thomas B and Wickens, Christopher D},
	journal={Systems, Man and Cybernetics, Part A: Systems and Humans, IEEE Transactions on},
	volume={30},
	number={3},
	pages={286--297},
	year={2000},
	publisher={IEEE}
}

@incollection{nagpal2004catalog,
	title={A catalog of biologically-inspired primitives for engineering self-organization},
	author={Nagpal, Radhika},
	booktitle={Engineering Self-Organising Systems},
	pages={53--62},
	year={2004},
	publisher={Springer}
}

@incollection{nagpal2004engineering,
	title={Engineering amorphous computing systems},
	author={Nagpal, Radhika and Mamei, Marco},
	booktitle={Methodologies and Software Engineering for Agent Systems},
	pages={303--320},
	year={2004},
	publisher={Springer}
}

@inproceedings{katzenelson2000notes,
	title={Notes on amorphous computing},
	author={Katzenelson, Jacob},
	booktitle={MIT Artificial Intelligence Laboratory},
	year={2000},
	organization={Citeseer}
}

@article{napp2011compositional,
	title={A compositional framework for programming stochastically interacting robots},
	author={Napp, Nils and Klavins, Eric},
	journal={The International Journal of Robotics Research},
	volume={30},
	number={6},
	pages={713--729},
	year={2011},
	publisher={SAGE Publications}
}

@article{nagpal1999organizing,
  title={Organizing a global coordinate system from local information on an amorphous computer},
  author={Nagpal, Radhika},
  year={1999}
}
@inproceedings{cheng2005robust,
  title={Robust and self-repairing formation control for swarms of mobile agents},
  author={Cheng, Jimming and Cheng, Winston and Nagpal, Radhika},
  booktitle={AAAI},
  volume={5},
  number={2005},
  year={2005}
}

@inproceedings{bahgecci2005evolving,
	title={Evolving aggregation behaviors for swarm robotic systems: A systematic case study},
	author={Bahge{\c{c}}i, E and Sahin, Erol},
	booktitle={Swarm Intelligence Symposium, 2005. SIS 2005. Proceedings 2005 IEEE},
	pages={333--340},
	year={2005},
	organization={IEEE}
}

@inproceedings{palmer2005behavioral,
	title={Behavioral feedback as a catalyst for emergence in multi-agent systems},
	author={Palmer, Daniel W and Kirschenbaum, Marc and Seiter, Linda M and Shifflet, Jason and Kovacina, Peter},
	booktitle={Advanced Intelligent Mechatronics. Proceedings, 2005 IEEE/ASME International Conference on},
	pages={1575--1580},
	year={2005},
	organization={IEEE}
}

@article{brambilla2013swarm,
  title={Swarm robotics: a review from the swarm engineering perspective},
  author={Brambilla, Manuele and Ferrante, Eliseo and Birattari, Mauro and Dorigo, Marco},
  journal={Swarm Intelligence},
  volume={7},
  number={1},
  pages={1--41},
  year={2013},
  publisher={Springer}
}

@incollection{cornejo2015distributed,
  title={Distributed range-based relative localization of robot swarms},
  author={Cornejo, Alejandro and Nagpal, Radhika},
  booktitle={Algorithmic Foundations of Robotics XI},
  pages={91--107},
  year={2015},
  publisher={Springer}
}


@inproceedings{csahin2004swarm,
  title={Swarm robotics: From sources of inspiration to domains of application},
  author={{\c{S}}ahin, Erol},
  booktitle={International workshop on swarm robotics},
  pages={10--20},
  year={2004},
  organization={Springer}
}

@article{pinciroli2012argos,
  title={ARGoS: a modular, parallel, multi-engine simulator for multi-robot systems},
  author={Pinciroli, Carlo and Trianni, Vito and O’Grady, Rehan and Pini, Giovanni and Brutschy, Arne and Brambilla, Manuele and Mathews, Nithin and Ferrante, Eliseo and Di Caro, Gianni and Ducatelle, Frederick and others},
  journal={Swarm intelligence},
  volume={6},
  number={4},
  pages={271--295},
  year={2012},
  publisher={Springer}
}

@article {Rubenstein795,
	author = {Rubenstein, Michael and Cornejo, Alejandro and Nagpal, Radhika},
	title = {Programmable self-assembly in a thousand-robot swarm},
	volume = {345},
	number = {6198},
	pages = {795--799},
	year = {2014},
	doi = {10.1126/science.1254295},
	publisher = {American Association for the Advancement of Science},
	abstract = {When individuals swarm, they must somehow communicate to direct collective motion. Swarms of robots need to deal with outliers, such as robots that move more slowly than the rest. Rubenstein et al. created a large swarm of programmed robots that can form collaborations using only local information. The robots could communicate only with nearby members, within about three times their diameter. They were able to assemble into complex preprogrammed shapes. If the robots{\textquoteright} formation hit snags when they bumped into one another or because of an outlier, additional algorithms guided them to rectify their collective movements.Science, this issue p. 795Self-assembly enables nature to build complex forms, from multicellular organisms to complex animal structures such as flocks of birds, through the interaction of vast numbers of limited and unreliable individuals. Creating this ability in engineered systems poses challenges in the design of both algorithms and physical systems that can operate at such scales. We report a system that demonstrates programmable self-assembly of complex two-dimensional shapes with a thousand-robot swarm. This was enabled by creating autonomous robots designed to operate in large groups and to cooperate through local interactions and by developing a collective algorithm for shape formation that is highly robust to the variability and error characteristic of large-scale decentralized systems. This work advances the aim of creating artificial swarms with the capabilities of natural ones.},
	issn = {0036-8075},
	URL = {http://science.sciencemag.org/content/345/6198/795},
	eprint = {http://science.sciencemag.org/content/345/6198/795.full.pdf},
	journal = {Science}
}

@phdthesis{mclurkin2004stupid,
	title={Stupid robot tricks: A behavior-based distributed algorithm library for programming swarms of robots},
	author={McLurkin, James Dwight},
	year={2004},
	school={Massachusetts Institute of Technology}
}

@article{galindo2004improving,
	title={Improving efficiency in mobile robot task planning through world abstraction},
	author={Galindo, Cipriano and Fernandez-Madrigal, J-A and Gonzalez, Javier},
	journal={Robotics, IEEE Transactions on},
	volume={20},
	number={4},
	pages={677--690},
	year={2004},
	publisher={IEEE}
}

@inproceedings{bergbreiter2003cotsbots,
  title={Cotsbots: An off-the-shelf platform for distributed robotics},
  author={Bergbreiter, Sarah and Pister, Kristofer SJ},
  booktitle={Intelligent Robots and Systems, 2003.(IROS 2003). Proceedings. 2003 IEEE/RSJ International Conference on},
  volume={2},
  pages={1632--1637},
  year={2003},
  organization={IEEE}
}

@inproceedings{ehn1992cardboard,
  title={Cardboard Computers: Mocking-it-up or Hands-on the Future},
  author={Ehn, Pelle and Kyng, Morten},
  booktitle={Design at work},
  pages={169--196},
  year={1992},
  organization={L. Erlbaum Associates Inc.}
}

@conference {ROS_announcement_paper,
	title = {ROS: an open-source Robot Operating System},
	booktitle = {ICRA Workshop on Open Source Software},
	year = {2009},
	attachments = {http://www.willowgarage.com/sites/default/files/icraoss09-ROS.pdf},
	author = {Morgan Quigley and Ken Conley and Brian P. Gerkey and Josh Faust and Tully Foote and Jeremy Leibs and Rob Wheeler and Andrew Y. Ng}
}

@article{cohen1960coefficient,
  title={A coefficient of agreement for nominal scales},
  author={Cohen, Jacob},
  journal={Educational and psychological measurement},
  volume={20},
  number={1},
  pages={37--46},
  year={1960},
  publisher={Sage Publications Sage CA: Thousand Oaks, CA}
}

@article{hayes2007answering,
  title={Answering the call for a standard reliability measure for coding data},
  author={Hayes, Andrew F and Krippendorff, Klaus},
  journal={Communication methods and measures},
  volume={1},
  number={1},
  pages={77--89},
  year={2007},
  publisher={Taylor \& Francis}
}

@article{soule2011cotsbots,
  title={COTSBots: computationally powerful, low-cost robots for Computer Science curriculums},
  author={Soule, Terence and Heckendorn, Robert B},
  journal={Journal of Computing Sciences in Colleges},
  volume={27},
  number={1},
  pages={180--187},
  year={2011},
  publisher={Consortium for Computing Sciences in Colleges}
}

@inproceedings{dragone2007using,
  title={Using mixed reality agents as social interfaces for robots},
  author={Dragone, Mauro and Holz, Thomas and O'Hare, Gregory MP},
  booktitle={Robot and Human interactive Communication, 2007. RO-MAN 2007. The 16th IEEE International Symposium on},
  pages={1161--1166},
  year={2007},
  organization={IEEE}
}

@inproceedings{monajjemi2013hri,
  title={Hri in the sky: Creating and commanding teams of uavs with a vision-mediated gestural interface},
  author={Monajjemi, Valiallah Mani and Wawerla, Jens and Vaughan, Rodney and Mori, Greg},
  booktitle={Intelligent Robots and Systems (IROS), 2013 IEEE/RSJ International Conference on},
  pages={617--623},
  year={2013},
  organization={IEEE}
}

@article{dorigo2004evolving,
  title={Evolving self-organizing behaviors for a swarm-bot},
  author={Dorigo, Marco and Trianni, Vito and {\c{S}}ahin, Erol and Gro{\ss}, Roderich and Labella, Thomas H and Baldassarre, Gianluca and Nolfi, Stefano and Deneubourg, Jean-Louis and Mondada, Francesco and Floreano, Dario and others},
  journal={Autonomous Robots},
  volume={17},
  number={2-3},
  pages={223--245},
  year={2004},
  publisher={Springer}
}

@inproceedings{payton2001pheromone,
  title={Pheromone robotics},
  author={Payton, David W and Daily, Michael J and Hoff, Bruce and Howard, Michael D and Lee, Craig L},
  booktitle={Intelligent Systems and Smart Manufacturing},
  pages={67--75},
  year={2001},
  organization={International Society for Optics and Photonics}
}

@article{payton2003compound,
  title={Compound behaviors in pheromone robotics},
  author={Payton, David and Estkowski, Regina and Howard, Mike},
  journal={Robotics and Autonomous Systems},
  volume={44},
  number={3},
  pages={229--240},
  year={2003},
  publisher={Elsevier}
}

@article{galindo2004improving,
  title={Improving efficiency in mobile robot task planning through world abstraction},
  author={Galindo, Cipriano and Fernandez-Madrigal, Juan-Antonio and Gonzalez, Jose},
  journal={Robotics, IEEE Transactions on},
  volume={20},
  number={4},
  pages={677--690},
  year={2004},
  publisher={IEEE}
}
@article{brambilla2013swarm,
  title={Swarm robotics: a review from the swarm engineering perspective},
  author={Brambilla, Manuele and Ferrante, Eliseo and Birattari, Mauro and Dorigo, Marco},
  journal={Swarm Intelligence},
  volume={7},
  number={1},
  pages={1--41},
  year={2013},
  publisher={Springer}
}

@article{abelson2000amorphous,
	title={Amorphous computing},
	author={Abelson, Harold and Allen, Don and Coore, Daniel and Hanson, Chris and Homsy, George and Knight Jr, Thomas F and Nagpal, Radhika and Rauch, Erik and Sussman, Gerald Jay and Weiss, Ron},
	journal={Communications of the ACM},
	volume={43},
	number={5},
	pages={74--82},
	year={2000},
	publisher={ACM}
}

@incollection{mamei2003co,
  title={Co-fields: Towards a unifying approach to the engineering of swarm intelligent systems},
  author={Mamei, Marco and Zambonelli, Franco and Leonardi, Letizia},
  booktitle={Engineering Societies in the Agents World III},
  pages={68--81},
  year={2003},
  publisher={Springer}
}

@incollection{nagpal2004catalog,
  title={A catalog of biologically-inspired primitives for engineering self-organization},
  author={Nagpal, Radhika},
  booktitle={Engineering Self-Organising Systems},
  pages={53--62},
  year={2004},
  publisher={Springer}
}

@article{beal2006infrastructure,
  title={Infrastructure for engineered emergence on sensor/actuator networks},
  author={Beal, Jacob and Bachrach, Jonathan},
  journal={Intelligent Systems, IEEE},
  volume={21},
  number={2},
  pages={10--19},
  year={2006},
  publisher={IEEE}
}

@inproceedings{wawerla2002collective,
  title={Collective construction with multiple robots},
  author={Wawerla, Jens and Sukhatme, Gawav S and Matari{\'c}, Maja J},
  booktitle={Intelligent Robots and Systems, 2002. IEEE/RSJ International Conference on},
  volume={3},
  pages={2696--2701},
  year={2002},
  organization={IEEE}
}

@inproceedings{palmer2005emergence,
  title={Emergence-oriented programming},
  author={Palmer, Daniel W and Kirschenbaum, Marc and Seiter, Linda},
  booktitle={Systems, Man and Cybernetics, 2005 IEEE International Conference on},
  volume={2},
  pages={1441--1448},
  year={2005},
  organization={IEEE}
}

@article{bowyer2000automated,
  title={Automated construction using co-operating biomimetic robots},
  author={Bowyer, Adrian},
  journal={University of Bath Department of Mechanical Engineering Technical Report (November 2000)},
  year={2000}
}

@inproceedings{Daily:2003:WEI:820752.821587,
 author = {Daily, Mike and Cho, Youngkwan and Martin, Kevin and Payton, Dave},
 title = {World Embedded Interfaces for Human-Robot Interaction},
 booktitle = {Proceedings of the 36th Annual Hawaii International Conference on System Sciences (HICSS'03) - Track 5 - Volume 5},
 series = {HICSS '03},
 year = {2003},
 isbn = {0-7695-1874-5},
 pages = {125.2--},
 url = {http://dl.acm.org/citation.cfm?id=820752.821587},
 acmid = {821587},
 publisher = {IEEE Computer Society},
 address = {Washington, DC, USA},
 keywords = {Augmented reality, robot swarm, human-robot interface},
} 

@inproceedings{Kato:2009:MIC:1520340.1520500,
 author = {Kato, Jun and Sakamoto, Daisuke and Inami, Masahiko and Igarashi, Takeo},
 title = {Multi-touch Interface for Controlling Multiple Mobile Robots},
 booktitle = {CHI '09 Extended Abstracts on Human Factors in Computing Systems},
 series = {CHI EA '09},
 year = {2009},
 isbn = {978-1-60558-247-4},
 location = {Boston, MA, USA},
 pages = {3443--3448},
 numpages = {6},
 url = {http://doi.acm.org/10.1145/1520340.1520500},
 doi = {10.1145/1520340.1520500},
 acmid = {1520500},
 publisher = {ACM},
 address = {New York, NY, USA},
 keywords = {entertainment robot, home robot, human robot interaction, multi-touch interface, multiple-robot operation},
} 

@article{sharma2015cuticular,
  title={Cuticular hydrocarbon pheromones for social behavior and their coding in the ant antenna},
  author={Sharma, Kavita R and Enzmann, Brittany L and Schmidt, Yvonne and Moore, Dani and Jones, Graeme R and Parker, Jane and Berger, Shelley L and Reinberg, Danny and Zwiebel, Laurence J and Breit, Bernhard and others},
  journal={Cell reports},
  volume={12},
  number={8},
  pages={1261--1271},
  year={2015},
  publisher={Elsevier}
}

@article{bos2012recognition,
  title={Recognition of social identity in ants},
  author={Bos, Nick and d’Ettorre, Patrizia},
  journal={Frontiers in psychology},
  volume={3},
  year={2012},
  publisher={Frontiers Media SA}
}




